2992 4859
44 3959 45 3990 1

44 4089 47 4118 Γ

1170 367 1624 424 Juvenum.
2317 363 2495 433 1251

288 524 614 609 quasdam
637 522 916 612 proprio
941 525 1096 592 loco
1135 545 1181 591 a
1221 525 1550 613 Rupertio
1575 521 1886 609 omissas,
1915 545 2088 600 nunc
2115 527 2299 612 dare,
2326 538 2398 599 et
2420 533 2492 602 in

285 626 583 694 ordinem
609 627 974 692 secundum
1006 647 1211 694 annos
1236 630 1600 696 restituere.

362 728 563 795 Vidit
588 728 854 808 IAEctor,
901 730 1093 795 nobis
1146 730 1327 815 apud
1375 732 1664 796 animum
1711 730 1945 812 fuisse,
1973 735 2203 801 omnia
2239 755 2393 821 quae
2420 737 2494 805 in

282 831 687 897 editionibus
701 830 1079 919 Delphiniis,
1097 829 1486 918 Bipontinis,
1503 840 1571 899 et
1593 830 1929 900 Varianam
1944 839 2496 923 praestantissima

284 933 672 1013 viderentur,
700 933 921 1019 quoad
948 940 1088 1001 tam
1114 934 1390 1001 formam
1435 955 1641 1021 quam
1667 941 2038 1020 materiam,
2069 942 2400 1025 colligere,
2427 943 2497 1010 et

286 1035 348 1099 in
369 1054 577 1101 unam
601 1038 798 1121 quasi
825 1035 1148 1102 familiam
1175 1057 1597 1122 congregem:
1629 1040 1959 1125 simulque
1974 1043 2165 1121 vidit,
2179 1043 2499 1130 Ruperti&

285 1156 396 1203 um
417 1139 745 1204 editiones
784 1134 848 1201 V
840 1137 1117 1203 ariorum
1144 1141 1590 1206 vehementius
1608 1141 2097 1225 reprehendere,
2113 1165 2247 1211 non
2271 1148 2496 1213 minu!

285 1242 718 1323 posteriorem
766 1241 953 1307 illam
997 1243 1085 1306 ab
1118 1240 1456 1307 Henninio
1487 1253 1690 1327 quam
1715 1244 2005 1328 priorem
2032 1265 2077 1311 a
2107 1246 2495 1315 Schrevelio

284 1343 553 1409 editam.
643 1343 839 1410 Certe
875 1351 1105 1409 nostro
1149 1363 1284 1409 non
1311 1345 1511 1409 estin
1540 1346 1906 1429 proposito,
1938 1365 2059 1431 per
2086 1346 2190 1412 fus
2217 1353 2285 1413 et
2309 1349 2495 1416 nefas

285 1444 630 1510 defendere
659 1446 1014 1511 editionem
1062 1441 1423 1524 Varianam,
1451 1463 1536 1509 eo
1580 1446 1799 1510 minus
1830 1446 2011 1530 quod
2040 1466 2191 1512 eam
2216 1469 2346 1515 non
2374 1471 2498 1535 per

286 1548 507 1612 omnia
547 1548 686 1630 ipsi
733 1547 1200 1632 approbemus,
1289 1542 1388 1610 At
1414 1547 1614 1611 etiam
1642 1546 1703 1610 si
1729 1547 1993 1613 labores
2037 1549 2400 1619 Schrevelii
2427 1561 2497 1620 et

288 1647 634 1730 Henninii,
678 1652 747 1718 in
785 1649 1075 1714 editione
1102 1647 1223 1714 illa
1248 1647 1646 1728 declaratoS,
1675 1649 1950 1715 multum
1992 1654 2497 1722 commendave-

284 1752 513 1828 rimuS,
546 1771 685 1815 non
719 1751 992 1816 deerunt
1016 1751 1209 1816 nobis
1232 1751 1403 1816 inter
1429 1752 1719 1817 eruditos
1746 1752 1867 1837 qui
1882 1757 2155 1820 summis
2183 1755 2496 1824 laudibus

283 1854 552 1919 eosdem
585 1853 1081 1918 cumulaverint.

372 1953 636 2019 Multus
670 1953 1110 2040 proculdubio
1155 1955 1432 2021 debetur
1473 1954 1688 2020 honos
1733 1956 1995 2040 ingenio
2040 1958 2497 2045 doctrinaeque

285 2057 602 2142 Rupertii
620 2079 640 2140 3
671 2077 870 2142 quem
889 2058 959 2121 in
976 2056 1276 2124 ornando
1292 2065 1366 2125 et
1379 2057 1775 2125 illustrando
1793 2059 1841 2125 J
1841 2061 2118 2125 uvenale
2135 2080 2335 2146 quam
2352 2063 2499 2147 plu-

284 2162 527 2227 rimum
556 2162 975 2246 praestitisse,
1009 2162 1315 2226 omnibus
1341 2162 1411 2225 in
1440 2160 1753 2226 confesso
1786 2166 1915 2227 est.
2013 2161 2110 2228 At
2135 2163 2365 2229 videat
2391 2165 2502 2230 vir

288 2263 373 2328 cl.
386 2282 470 2327 ne
482 2263 551 2326 in
561 2261 894 2326 nonnullis
904 2279 1029 2325 suo
1043 2279 1117 2325 se
1131 2261 1354 2345 gladio
1357 2261 1779 2347 jugulaverit.
1804 2262 2208 2330 Herminium
2218 2268 2500 2333 multum

286 2366 647 2450 vituperat:
667 2371 738 2428 at
752 2368 976 2428 tamen
995 2363 1173 2429 idem
1190 2384 1343 2429 eum
1362 2364 1530 2429 mire
1545 2364 1802 2443 laudat,
1816 2366 2020 2431 immo
2039 2368 2126 2431 ad
2139 2387 2292 2433 eum
2308 2385 2499 2454 saepe

286 2473 634 2553 provocat,
659 2468 801 2552 ejus
822 2467 1213 2532 auctoritate
1232 2486 1414 2551 soepe
1434 2468 1639 2532 nixus
1658 2473 1785 2547 est,
1801 2469 2080 2553 viasque
2094 2461 2214 2552 p'er
2227 2470 2501 2536 easdem

286 2571 577 2636 incessit.
622 2569 958 2648 Quaedam
980 2569 1259 2634 antehac
1289 2588 1473 2653 saepe
1500 2571 1798 2652 vulgata,
1815 2573 1886 2635 in
1906 2573 2123 2655 prima
2148 2591 2275 2637 sua
2292 2572 2340 2638 J
2343 2591 2503 2638 uve-

286 2675 455 2738 nalis
483 2673 796 2752 editione,
825 2678 901 2738 ut
927 2670 1173 2736 crambe
1203 2671 1491 2755 repetita,
1525 2672 1672 2736 visa
1697 2678 1867 2738 sunt.
1957 2672 2046 2738 Et
2066 2675 2126 2738 si
2155 2675 2273 2738 alii
2293 2676 2504 2741 multa

287 2777 635 2862 praebeant
664 2776 746 2840 de
770 2775 995 2840 Satira
1015 2778 1081 2839 et
1099 2774 1429 2853 Satiricis,
1456 2792 1670 2838 nonne
1698 2774 1809 2838 ille
1832 2775 2134 2840 similiter
2154 2795 2227 2839 se
2249 2777 2502 2857 gessit?

288 2880 363 2944 Si
392 2879 852 2963 praecedentes
881 2876 1166 2942 editores
1196 2878 1442 2960 largius
1489 2878 2103 2941 commentarios'su
2113 2877 2506 2961 ppeditave-

285 2981 441 3059 rint,
471 3000 685 3046 nonne
716 2980 828 3044 ille
860 2978 1045 3042 dedit
1072 2997 1256 3056 suos,
1285 2997 1422 3042 una
1451 2996 1605 3044 cum
1627 2977 2068 3055 Excursibus,
2095 2997 2218 3043 nec
2247 2983 2504 3063 parce'l

287 3083 508 3149 Immo
528 3081 767 3166 ipsein
782 3080 1129 3166 posteriori
1146 3079 1435 3146 editione
1455 3082 1668 3145 multa
1684 3081 2000 3159 correxit,
2019 3082 2228 3145 multa
2251 3075 2502 3164 omisit,

284 3186 606 3272 quaedam
632 3184 858 3249 forsan
885 3187 1160 3264 temere3
1192 3183 1505 3267 quaedam
1525 3185 1808 3247 mutavit
1845 3184 1915 3248 in
1933 3185 2125 3269 pejus
2147 3180 2198 3266 3⁶
2231 3184 2401 3249 adeo
2429 3190 2507 3252 ut

284 3305 633 3354 vereamur
647 3304 730 3350 ne
746 3284 882 3350 tela
904 3303 1029 3348 sua
1042 3284 1114 3347 in
1126 3302 1520 3368 seopusque
1531 3303 1728 3349 suum
1740 3285 2137 3370 rejiciantur,
2155 3287 2213 3350 si
2232 3287 2340 3351 vel
2360 3303 2506 3354 ma-

282 3391 549 3468 teriam,
573 3388 683 3455 vel
711 3387 1028 3464 ordinem,
1058 3386 1164 3452 vel
1194 3385 1691 3471 dispositionem
1725 3388 2304 3470 respiciamuS.-—‘
2320 3386 2506 3454 Usus

285 3501 511 3561 autem
542 3491 692 3576 ejus
721 3486 1037 3569 (editionis
1069 3485 1526 3573 Henninianae)
1553 3489 1688 3554 dici
1708 3491 1828 3554 vix
1858 3495 2077 3574 potest
2102 3495 2506 3575 quantopere

286 3594 693 3682 impediatur
710 3611 815 3670 eo,
829 3591 1008 3675 quod
1026 3589 1246 3654 omnia
1262 3590 1396 3654 fere
1415 3610 1570 3674 quae
1594 3591 2054 3675 complectitur
2071 3594 2320 3655 seorsim
2339 3590 2508 3679 typis

287 3715 620 3782 expressa
662 3699 811 3758 sunt
849 3698 918 3758 et
964 3712 1037 3756 se
1080 3692 1366 3757 invicem
1413 3694 1783 3778 excipiunt.
1873 3693 2058 3759 Hinc
2097 3695 2324 3760 multae
2351 3695 2508 3763 libri

286 3801 555 3886 paginae
598 3795 817 3882 (immo
871 3815 1072 3858 omnes
1127 3792 1275 3856 libri
1327 3792 1717 3875 Satirarum)
1761 3797 1850 3861 ad
1900 3798 2201 3880 quemvis
2242 3816 2508 3863 versum

291 3907 450 3967 sunt
493 3897 905 3976 evolvendae,
955 3916 1085 3961 non
1128 3897 1268 3960 sine
1314 3917 1561 3981 magna
1603 3899 1925 3983 temporis
1947 3897 2255 3984 jactura!
2273 3907 2299 3950 ⁷
2377 3900 2505 3963 ‘Sic

1295 4067 1510 4118 NOTAE

360 4192 397 4235 ο
427 4184 623 4251 Equu-
682 4183 879 4233 Leetor
924 4186 1169 4247 utruque
1211 4181 1366 4233 editt.
1446 4181 1897 4247 18⁰8.)=eontulet,
1913 4181 2202 4246 etjudicet.

299 4263 543 4329 Rupertii
570 4261 645 4329 (u.
671 4260 814 4326 ups.
847 4263 993 4310 1801.
1029 4266 1086 4310 et
1123 4258 1365 4324 Gotting.
1512 4263 1544 4309 ’1
1579 4258 1677 4311 Ed.
1703 4260 1924 4323 Rupert.
1948 4262 2096 4310 leot.
2118 4272 2172 4322 p.
2194 4260 2278 4307 75.
