2992 4859
445 336 641 403 1214·
1030 411 1035 417 ⁴
1103 355 1490 406 aecensus
1537 356 1967 406 nutrionu

444 495 1018 573 commelinianum.)
1104 497 1513 576 Heidelbergae
1564 501 1659 574 (ex
1714 497 1949 560 officina
2002 498 2640 569 Sanctandreana)-8.

448 599 626 662 1590.

524 691 629 748 Est
673 690 942 767 repetitio
982 689 1081 750 ed.
1105 689 1289 750 Paris.
1323 695 1501 750 1585.
1544 689 1651 750 sed
1689 687 2060 760 emendatior,
2111 689 2171 749 in
2218 709 2333 769 qna
2371 692 2641 752 Comme·

443 785 598 844 linus
636 795 697 845 et
733 785 1170 847 distinctionem
1217 795 1278 847 et
1326 786 1607 846 lectiones
1653 785 1917 863 pluribus
1963 785 2211 845 mutavit
2255 786 2419 846 locis.
2504 783 2639 846 vid.

442 881 584 939 νεῖ.
615 881 778 940 Lect.
820 880 896 940 ad
924 897 991 940 V.
1020 890 1119 952 91.
1153 889 1290 942 142.
1331 897 1427 941 v1.
1469 890 1569 943 82.
1606 888 1742 941 114.
1792 888 1926 948 127.
1955 879 2095 942 320.
2141 888 2283 943 330.
2313 881 2451 952 369.
2495 891 2640 943 402.

443 984 583 1038 524.
612 982 751 1044 537.
780 992 905 1036 vu.
935 984 1033 1038 23.
1059 975 1158 1038 46.
1199 984 1334 1038 124.
1363 976 1501 1039 236.
1541 991 1696 1036 v111.
1724 975 1825 1038 66.
1868 984 1970 1045 90.
2007 984 2136 1038 122.
2187 985 2319 1039 123.
2352 987 2491 1050 939.
2538 979 2640 1040 lx'.

448 1071 580 1133 146.
624 1087 695 1129 x.
723 1075 824 1130 34.
865 1088 969 1131 x1.
1000 1079 1098 1133 20.
1140 1088 1272 1132 xn.
1308 1069 1442 1131 116.
1483 1087 1630 1131 xlv.
1659 1079 1757 1132 45.
1843 1072 1998 1130 Socii
2027 1065 2329 1150 Bipontini
2373 1075 2500 1134 hoec
2540 1094 2645 1134 an-

439 1175 748 1227 notarunt:
793 1175 812 1201 ‘
837 1167 1149 1247 Exemplar
1174 1166 1353 1243 hujus
1388 1167 1486 1228 ed.
1518 1168 1982 1228 servatur-hodio
2007 1169 2065 1226 in
2096 1168 2248 1229 Bibl.
2282 1169 2469 1229 Acad.
2497 1171 2642 1232 Hei-

440 1262 701 1340 delberg.
748 1263 907 1341 quod
953 1283 1025 1323 ex
1070 1263 1233 1323 libris
1274 1265 1334 1325 J.
1374 1266 1456 1324 G.
1499 1265 1722 1325 Groevii
1770 1284 1806 1324 a
1853 1265 1986 1324 Ser.
2012 1264 2317 1343 ‘quondam
2367 1266 2642 1345 Principe

442 1357 708 1418 Electore
753 1358 893 1419 soh.
942 1359 1253 1419 wilhelmo
1309 1361 1553 1420 coemtis
1593 1371 1655 1423 et
1700 1360 2039 1423 Academiae
2084 1361 2359 1421 Heidetb.
2408 1362 2641 1422 donatis

436 1473 576 1514 cum
602 1452 700 1513 ed.
727 1454 903 1513 Persii
932 1455 1269 1515 Casaubon.
1302 1456 1555 1515 Londini
1590 1458 1839 1535 repetita
1878 1465 2165 1534 superest.
2247 1458 2380 1516 Fuit
2405 1457 2464 1516 id
2502 1468 2640 1517 unte

438 1549 736 1608 Graevium
778 1568 1170 1627 possessorem
1198 1550 1319 1610 Viri
1361 1551 1662 1629 quondam
1700 1551 2091 1623 eruditissimi,
2136 1553 2402 1624 oratoris,
2444 1561 2640 1631 poem

437 1653 496 1704 et
526 1644 764 1722 politici,
795 1646 948 1706 Dan.
981 1645 1270 1706 Ere-ritae
1304 1653 1367 1722 (†
1400 1647 1603 1720 1613.)
1644 1648 1747 1726 qui
1772 1657 1834 1708 et
1860 1660 2055 1709 vetera
2082 1650 2312 1708 Comm.
2341 1669 2377 1708 a
2403 1650 2638 1709 Pitboeo

434 1739 597 1800 edita
638 1741 831 1800 multis
866 1742 1012 1802 locis
1056 1742 1409 1803 emendavit.
1493 1744 1728 1813 Quibus
1765 1744 2041 1804 emendd.
2070 1765 2263 1824 neque
2308 1746 2637 1806 Herminius

435 1837 494 1895 in
539 1838 674 1896 Juv.
719 1856 909 1915 neque
957 1839 1422 1900 Casaubonianae
1466 1841 1649 1900 Persii
1697 1841 1891 1901 editor
1939 1842 2199 1902 Mericus
2243 1844 2502 1903 Casaub.
2546 1844 2640 1904 usi

434 1933 807 1993 suun—Fuit
854 1952 1095 2013 quoque
1137 1937 1435 2014 exemplar
1479 1937 1576 1996 ed.
1625 1937 1908 1997 Heidelb.
1935 1939 1993 1996 in
2043 1939 2193 1999 Bibl.
2241 1940 2428 2018 perill.
2479 1939 2634 1999 Lud.

434 2029 647 2089 Ber-nh.
675 2028 749 2088 de
774 2030 947 2102 zech,
984 2032 1194 2111 Lipsiae
1230 2042 1402 2102 1780·
1431 2032 1755 2104 divendita,
1798 2043 1949 2093 teste
1980 2035 2112 2096 Cat.
2140 2054 2202 2112 p.
2229 2032 2332 2095 61.
2359 2056 2418 2096 n.
2460 2044 2638 2099 1003.

435 2126 593 2204 quod
624 2126 919 2204 quondam
947 2126 1137 2187 fuerat
1161 2130 1220 2188 J.
1249 2129 1340 2187 Fr.
1366 2127 1633 2200 Christii,
1661 2127 1776 2207 qui
1814 2148 1918 2189 sua
1947 2148 2122 2188 manu
2152 2130 2508 2208 marginibus
2536 2151 2640 2191 an-

431 2223 871 2300 notatiunculae*
899 2225 994 2283 Fr.
1024 2223 1465 2304 Lindenbrogt‘i
1500 2224 1822 2302 descriptas
1864 2224 2178 2302 adjunxitss
2260 2228 2394 2286 Hoc
2435 2247 2637 2287 exem-

431 2318 581 2395 plar,
611 2318 770 2397 quod
802 2338 957 2378 nunc
984 2317 1042 2377 in
1072 2320 1357 2380 Biblioth.
1384 2319 1578 2380 Acad.
1608 2319 1767 2397 Lips.
1794 2329 1905 2391 est,
1937 2321 2159 2398 inspexi
2185 2332 2245 2381 et
2273 2324 2631 2401 comparavi.

431 2416 498 2474 ln
545 2413 697 2474 notis
725 2414 1162 2493 Lindenbrogii‚
1207 2415 1674 2491 (Lindenbruch)
1715 2427 1931 2496 praeter
1956 2418 2294 2479 varietatem
2343 2418 2632 2491 lectionis,
2679 2469 2688 2476 .

431 2532 565 2592 quae
593 2513 828 2590 passim,
859 2512 961 2572 sed
986 2513 1326 2592 simpliciter
1344 2522 1407 2573 et
1428 2513 1552 2573 sine
1578 2513 1803 2574 indicio
1820 2514 2185 2576 auctoritatis
2213 2517 2304 2575 vel
2328 2516 2632 2589 codicum,

429 2631 466 2670 e
506 2609 724 2687 quibu's
764 2618 1040 2686 excerpta
1079 2618 1183 2678 est,
1229 2619 1485 2679 notatur,
1527 2609 1707 2670 ‘vicies
1745 2608 1839 2669 vel
1880 2609 2074 2669 tricies
2116 2609 2322 2669 similia
2365 2621 2628 2672 veterum

429 2705 774 2783 scriptorum
821 2704 954 2764 loca
994 2714 1055 2763 et
1098 2705 1365 2764 Tui-nebi
1414 2704 1763 2765 Adversaria
1804 2706 2154 2766 excitantur.
2237 2708 2387 2766 Sunt
2430 2707 2632 2785 itaque

426 2801 601 2880 pretii
625 2800 946 2860 admodum
975 2800 1188 2878 exigui,
1216 2811 1277 2860 et
1305 2800 1446 2860 mihi
1476 2801 1716 2879 quidem
1756 2802 1912 2860 haud
1943 2800 2264 2880 quicquam
2292 2800 2587 2880 profuere.

510 2899 661 2956 Duae
687 2897 819 2957 aliae
852 2896 1026 2972 hujus
1054 2896 1190 2955 anni
1217 2895 1523 2955 editiones.

504 2993 811 3055 Juvenalis
836 3010 885 3051 c.
916 3012 979 3051 a.
1011 2992 1259 3061 Pitnoei,
1297 2991 1476 3051 Paris.
1506 3009 1606 3069 ap.
1639 2991 2087 3054 Pataram—8.
2131 2996 2305 3064 1590.

425 3101 486 3152 et

505 3186 812 3249 Juvenatie
839 3204 886 3244 c.
918 3204 981 3242 n.
1013 3182 1263 3254 Piehoei,
1306 3186 1727 3261 Antverp.—8.
1765 3193 1941 3255 1590.
1970 3183 2285 3245 laudantur
2313 3183 2624 3260 Hennini'o,

426 3284 529 3363 qui
555 3281 871 3344 editionem
900 3280 1177 3342 Heidelb.
1212 3287 1386 3351 1590.
1418 3281 1658 3340 seorsim
1688 3279 2050 3340 memoravit.

1444 3382 1616 3446 1597.

504 3474 589 3533 D.
628 3472 807 3532 Junii
846 3471 1155 3533 Juvemlis
1198 3472 1552 3549 Satyrorum
1599 3470 1779 3530 Libri
1823 3471 2095 3548 quinque,
2145 3469 2622 3549 locupletissima,

424 3590 529 3632 nec
572 3572 767 3629 minus
810 3568 974 3638 utili,
1010 3568 1376 3647 paraphrasi
1418 3567 1714 3628 illustrati
1759 3587 1797 3626 a
1843 3566 2122 3627 federico
2173 3567 2385 3627 Canto
2446 3567 2625 3627 Vero·

424 3668 609 3733 utensi,
641 3661 1023 3725 Veronae—4.
1061 3674 1235 3734 1597.

504 3764 651 3821 Haec
695 3759 875 3821 editio
924 3761 1146 3820 nullum
1195 3759 1371 3820 habet
1421 3779 1586 3819 usum
1634 3758 1923 3829 criticum,
1972 3777 2162 3835 neque
2216 3757 2621 3835 interpretatio

419 3867 613 3939 poetae
645 3858 811 3916 vaide
826 3858 1069 3934 juvatur
1090 3856 1446 3936 paraphrasi,
1480 3877 1618 3934 quae
1639 3867 1832 3915 tamen
1861 3858 2144 3930 Augustae
2170 3854 2405 3914 Vindel.
2441 3860 2620 3928 1599.

427 3954 601 4018 1600.
630 3968 687 4013 et
723 3954 897 4013 1603.
938 3953 1179 4031 repetit-1
1213 3962 1325 4012 est.
1406 3951 1544 4011 Tali
1572 3971 1812 4029 quoque
1851 3950 2190 4030 paraphrasi
2218 3951 2466 4011 Cet-utus
2495 3949 2624 4011 Vir-

418 4051 615 4130 gilium
661 4060 721 4110 et
768 4050 1076 4109 Horatium
1120 4048 1403 4109 illustrare
1450 4057 1543 4108 est
1591 4056 1851 4106 conatus.
1934 4044 2082 4105 Eam
2125 4045 2292 4105 ultra
2335 4045 2618 4108 verbalem

417 4150 903 4210 constructionem
928 4166 1068 4206 raro
1094 4165 1423 4226 assurgere,
1440 4145 1571 4224 jam
1603 4143 1824 4203 monuit
1853 4143 2203 4203 Henninius.
