2992 4859
466 336 553 401 12
1239 350 1334 399 nn
1378 350 1628 398 vassu
1681 342 1884 412 vrrs,

458 506 723 580 'semper
744 498 1032 563 animum
1063 495 1489 572 attenderent,
1538 515 1742 578 seque
1779 496 1849 559 iu
1875 494 2010 559 illis
2051 492 2446 559 adhibendis
2475 512 2666 557 exer·

460 588 700 675 serent,
761 600 1090 680 ingenium
1149 596 1515 677 neglectum
1567 604 2001 673 exaresceret,
2075 597 2422 678 omnisque
2473 613 2667 678 geue-

407 758 421 773 ,
462 689 680 765 rosior
720 708 791 765 et
829 701 1022 764 altior
1062 700 1333 783 spiritus
1364 706 1483 763 ant
1513 700 2013 778 extingueretur,
2049 705 2166 761 aut
2195 698 2426 761 saltem
2468 696 2663 780 quasi

462 800 902 882 ‘compedibus
918 802 1299 877 vinciretur,
1321 820 1473 883 quae
1495 818 1751 865 omnem
1780 798 2060 862 liberum
2082 816 2349 863 cursum
2374 796 2666 885 retarda-

461 908 607 968 rent
637 908 704 969 et
733 901 1145 985 impedirent.
1420 962 1427 971 ,
2303 945 2310 953 -

458 1030 465 1037 ·
516 1020 519 1025 ·
551 1003 942 1068 Dramatica
993 1005 1184 1080 ratio,
1244 1023 1381 1085 qua
1429 1022 1622 1086 saepe
1661 1002 2045 1066 felicissime
2083 1002 2407 1066 Horatius
2438 1000 2662 1075 utitur,

458 1124 749 1189 quaeque
777 1105 1128 1188 prudenter
1156 1104 1450 1168 adhibita
1487 1105 1557 1168 in
1587 1104 1806 1167 satiris
1833 1122 1963 1167 non
1990 1104 2224 1167 ultima
2257 1103 2402 1166 laus
2425 1106 2549 1176 est,
2598 1100 2666 1163 in

460 1203 718 1282 Persio,
765 1206 879 1288 qui
922 1224 1068 1269 eam
1097 1224 1361 1289 quoque
1407 1206 1704 1282 tentavit,
1741 1204 1990 1268 multas
2019 1212 2198 1269 creat
2223 1201 2664 1267 difficultates.

462 1306 728 1373 Etenim
752 1307 956 1371 modo
982 1308 1421 1372 adversarium
1442 1309 1820 1391 loquentem
1845 1307 2124 1384 inducit,
2149 1325 2364 1389 eoque
2386 1304 2664 1367 dimisso

459 1409 691 1473 statim
720 1409 890 1471 alius
936 1408 1007 1471 in
1054 1427 1319 1474 scenam
1358 1410 1604 1497 prodit,
1650 1428 1783 1472 uon
1826 1409 1940 1472 ille
1987 1410 2206 1492 prior;
2275 1408 2402 1471 nisi
2450 1405 2667 1470 mavis

464 1515 768 1587 statuere,
797 1530 1037 1595 parum
1064 1513 1395 1592 cogitasse
1437 1511 1764 1590 Persium,
1787 1530 1963 1594 quas
2002 1516 2229 1595 partes
2258 1507 2534 1573 tuendas
2562 1526 2668 1570 se·-

462 1610 597 1674 mel
626 1611 712 1688 ei,
736 1630 1024 1694 quocum
1049 1612 1182 1676 sibi
1205 1633 1342 1676 rem
1364 1632 1516 1676 esse
1543 1612 1831 1691 finxerit,
1859 1612 2181 1690 tribuerit,
2201 1610 2437 1675 etinde
2458 1609 2663 1673 modo

460 1713 593 1776 hoc
619 1711 821 1776 modo
846 1713 1010 1776 illud
1039 1713 1495 1780 defendentem
1525 1715 1891 1779 induxisse.
1979 1715 2182 1797 Saepe
2222 1714 2422 1777 etiam
2451 1711 2666 1775 imita·

454 1804 568 1877 'tur
596 1819 840 1879 tantum
866 1814 1118 1880 Noster
1139 1816 1417 1883 aliorum
1450 1836 1842 1892 sermonem,
1890 1815 2378 1898 dictionemque
2405 1819 2663 1885 naturae

462 1915 723 1980 illorum
752 1919 817 1978 et
837 1915 1045 1980 indoli
1078 1917 1561 1984 accommodat,
1653 1917 2031 1983 Difficultas
2059 1924 2280 1982 autem
2301 1914 2454 1981 inde
2475 1933 2666 1996 saepe

462 2017 773 2094 oboritur,
815 2016 994 2098 quod
1036 2019 1107 2082 in
1153 2019 1322 2101 ipsis
1350 2019 1633 2100 dialogis
1661 2038 1791 2084 non
1819 2028 2125 2084 accurate
2153 2018 2323 2083 satis
2349 2024 2420 2081 et
2443 2016 2667 2099 ipsius

458 2126 531 2184 et
557 2119 915 2185 adversarii
944 2128 1166 2204 partes
1196 2120 1498 2187 discretae
1529 2127 1701 2199 sunt,
1729 2127 1805 2186 ut
1831 2123 2057 2186 statim
2085 2140 2237 2185 cum
2264 2120 2487 2195 exiis,
2511 2137 2666 2201 quae

462 2220 787 2299 dicuntur,
820 2227 958 2286 tum
986 2241 1073 2284 ex
1102 2222 1352 2285 ratione
1391 2221 1654 2287 dicendi
1679 2223 1836 2305 ipsa
1864 2223 2213 2305 intelligas,
2240 2225 2386 2285 uter
2410 2220 2521 2297 sit,
2551 2219 2668 2302 qui

464 2322 792 2405 loquutus,
824 2343 977 2388 cum
999 2329 1267 2405 repente
1295 2323 1660 2391 orationem
1688 2325 2032 2406 excipiens
2059 2342 2146 2386 ea
2171 2321 2385 2387 dicere
2415 2327 2667 2403 pergat,

466 2444 617 2508 quae
665 2424 1087 2489 adverwius
1133 2442 1418 2489 exorsus
1461 2426 1694 2501 fuerat,
1745 2433 2064 2509 tanquam
2107 2425 2251 2508 ejus
2308 2424 2492 2487 vices
2533 2422 2668 2486 sibi

464 2531 685 2591 essent
709 2526 1028 2592 tutandae.
1117 2526 1403 2591 Pertinet
1430 2527 1700 2611 quidem
1730 2527 1879 2593 haec
1904 2528 2072 2591 ratio
2101 2525 2190 2590 ad
2215 2526 2517 2602 ironiam,
2547 2521 2666 2588 sed

463 2644 773 2710 magnam
820 2629 1016 2694 habet
1062 2628 1453 2707 cautionem,
1498 2648 1580 2692 ne
1611 2629 2072 2713 perspicuitati
2113 2627 2457 2703 officiatur,
2489 2626 2598 2689 cui
2625 2644 2668 2688 a

463 2728 691 2813 poetis
719 2729 916 2793 etiam
944 2729 1417 2797 consulendum
1451 2736 1575 2808 est,
1605 2750 1893 2815 quoeque
1922 2731 2010 2799 ab
2038 2730 2126 2793 iis
2153 2733 2401 2792 tantum
2427 2726 2670 2809 negligi

466 2826 655 2909 solet,
682 2831 794 2914 qui
819 2833 1080 2914 ingenio
1126 2832 1420 2898 destituti
1448 2833 1732 2898 aliorum
1778 2833 2065 2897 inventis
2091 2837 2375 2909 utuntur,
2413 2831 2670 2895 novita-

464 2939 729 3017 temque
758 2933 828 2994 in
856 2940 1088 3000 ornatu
1119 2935 1333 2999 solum
1354 2936 1684 3016 quaerunt.
2355 2986 2364 2995 ,

549 3033 798 3099 Verum
841 3036 907 3097 iu
935 3035 1148 3099 ironia
1174 3035 1548 3100 adhibenda
1578 3035 1845 3099 Persius
1871 3052 2054 3117 saepe
2098 3033 2548 3117 nequicquam.
2569 3031 2668 3097 la-

466 3136 747 3201 boravit.
837 3134 906 3198 N
911 3153 997 3198 on
1036 3136 1291 3199 videtur
1333 3136 1507 3199 enim
1555 3135 1674 3198 ilia
1719 3134 2109 3198 elocutionis
2138 3133 2349 3217 figura
2375 3133 2670 3199 ardentis

464 3255 617 3300 esse
666 3237 930 3318 ingenii,
982 3255 1104 3301 nec
1153 3236 1238 3301 ab
1284 3256 1366 3301 eo
1399 3236 1595 3301 facile
1626 3255 1831 3320 posse
1858 3238 2143 3312 tractari,
2191 3234 2385 3318 cujus
2413 3234 2669 3301 animus

466 3338 752 3418 graviori
778 3337 1006 3420 aliqua
1043 3337 1502 3402 commotionis
1530 3357 1758 3419 genere
1787 3338 2252 3418 conturbatur3
2308 3343 2415 3401 est
2441 3335 2669 3419 potius

466 3438 748 3503 ludentis
791 3445 907 3502 aut
951 3439 1116 3502 risui
1166 3440 1514 3505 stultitiam
1559 3441 1814 3505 salibus
1839 3446 1907 3504 et
1932 3439 2194 3503 facetiis
2224 3437 2666 3522 propinantis.

468 3539 626 3619 Quo
656 3543 858 3605 etiam
884 3540 980 3618 fit,
1012 3547 1083 3605 ut
1111 3540 1389 3605 Persius
1422 3542 1509 3607 ab
1539 3541 1775 3618 ironia,
1808 3560 1943 3625 qua
1979 3541 2076 3605 uti
2116 3542 2421 3624 coeperit,
2449 3540 2668 3603 statim

464 3643 796 3714 deflectat,
845 3648 1041 3725 atque
1080 3641 1167 3709 ad
1216 3644 1564 3725 pristinam
1600 3644 1994 3724 gravitatem
2015 3648 2084 3705 et
2111 3641 2542 3705 acrimoniam
2567 3659 2671 3704 re-
2769 3650 2776 3655 ’

465 3749 775 3809 vertatur.
868 3744 1153 3808 Omnino
1204 3745 1473 3829 quidem
1524 3745 1593 3809 id
1652 3745 1825 3807 vitio
1871 3762 2002 3808 non
2047 3743 2374 3820 verterim,
2416 3742 2475 3805 si
2523 3743 2671 3825 quis

464 3847 745 3910 ironiam
776 3867 894 3929 per
923 3853 1129 3911 totum
1160 3866 1333 3930 opus
1363 3866 1494 3913 nou
1523 3852 1804 3923 tueatur,
1834 3844 2015 3928 quod
2047 3850 2119 3908 ut
2144 3843 2280 3921 fiat,
2313 3863 2358 3907 a
2401 3844 2673 3927 quibus-

466 3946 621 4010 dam
670 3947 1187 4031 pulchritudinis
1233 3956 1299 4014 et
1345 3951 1703 4015 venustatis
1752 3948 2074 4013 doctrinae
2111 3946 2444 4028 magistris
2493 3945 2675 4011 velut

469 4050 612 4130 lege
638 4052 965 4114 sancitum
995 4048 1331 4130 videmus3
1387 4069 1602 4134 neque
1633 4051 2088 4115 adfluentem
2127 4047 2463 4130 confugio,
2492 4053 2568 4110 ut
2595 4047 2675 4111 il·

462 4150 596 4214 lius
622 4149 932 4234 exemplo
960 4148 1085 4213 hoc
1116 4149 1483 4229 defendam,
1516 4152 1848 4237 quisaepe
1875 4152 2050 4229 serio
2083 4150 2259 4227 dicta
2285 4150 2520 4217 ironiae
2548 4149 2672 4215 im·
