2992 4859
1135 358 1418 407 sauna
1465 355 1541 408 V.

2312 344 2444 414 159

224 494 572 565 Portantes
599 498 841 578 violae,
867 500 1269 585 rubrumque
1294 503 1612 587 amplexa
1638 505 1929 569 catinum

224 595 459 663 Gauda
484 605 670 666 natat
696 601 948 685 thynni,
973 609 1179 668 tumet
1205 605 1364 669 alba
1387 604 1616 669 fidelia
1642 607 1842 688 vin03

223 699 447 764 Labra
468 720 699 767 moves
727 705 997 783 tacitae,
1025 708 1429 791 recutitaque
1458 709 1741 772 sabbata
1766 709 2004 793 palles,

220 864 448 917 malost
475 864 998 929 faligs‘aencronum3
1044 875 1095 920 et
1126 870 1315 921 iaudat
1343 872 1899 938 calami-abeas
1931 875 2445 939 patiam-conplent

222 938 279 979 et
299 930 1222 997 mflduemaidicolorisreaudat
1251 938 1392 995 vino,-
1424 940 2444 1015 tuncsscretoagiteslabio,etfoepollexis

1222 1066 1442 1119 NOTAE

222 1173 396 1224 schol.
483 1176 678 1226 Locum
715 1177 854 1228 hunc
891 1179 1021 1230 mire
1064 1182 1295 1233 illustrat

221 1249 363 1302 Just.
404 1251 548 1315 Lips.
587 1253 758 1304 Elect.
799 1268 838 1305 ι.
883 1270 932 1305 c.
965 1260 1015 1306 3.
1051 1257 1140 1307 ubi
1178 1259 1293 1309 baec

219 1325 435 1377 scribit:
477 1328 495 1356 ⁸
519 1327 636 1379 Mos
661 1330 800 1394 apud
827 1332 1088 1384 Romanos
1113 1348 1292 1399 recep-

222 1408 344 1465 tus;
392 1402 445 1453 in
466 1406 606 1455 omni
635 1406 836 1470 privata
867 1408 1181 1477 publicaque
1205 1412 1293 1461 lav.-

221 1481 344 1531 titia
371 1481 586 1544 januam
611 1483 756 1533 lauro
777 1498 840 1535 ac
852 1485 1079 1536 lucernis
1098 1487 1291 1538 ornari.

219 1556 556 1621 —Ejusmodi
599 1558 823 1610 lucerne
849 1561 1074 1625 pensiles
1108 1569 1291 1615 erant:

220 1640 277 1683 et
297 1635 550 1685 catenulis
572 1636 1021 1702 suspendebantur
1058 1652 1293 1691 accensoe

220 1709 290 1759 ad
319 1711 511 1762 adim
535 1712 726 1776 januas
749 1723 842 1765 aut
861 1714 1139 1769 fenestras.
1204 1718 1295 1769 vi-

221 1785 394 1837 dimus
415 1787 511 1852 ipsi
549 1789 604 1840 in
642 1789 801 1840 ltalia
838 1805 1000 1842 aereas
1039 1792 1294 1856 ejusmodi

219 1862 463 1913 lucernas
506 1867 816 1931 complures,
866 1883 992 1933 quas
1030 1870 1296 1921 intellexit

221 1938 383 1988 etiam
406 1940 576 1991 Poiita
594 1942 870 2008 Princeps,
896 1944 1110 1995 Pendeat
1133 1947 1296 2012 lychni

218 2015 522 2079 maribus
550 2019 742 2069 eureis?
805 2020 958 2074 Quod
994 2023 1075 2074 has
1127 2024 1292 2074 lucer·

222 2105 306 2141 nm
341 2092 411 2141 ad
457 2093 694 2157 januam,
746 2105 939 2161 praeter
980 2101 1292 2152 ,iuvenalem

221 2168 577 2221 Tertullianus
628 2171 787 2225 docet
828 2175 895 2226 ad
939 2192 1156 2228 uxorem
1200 2178 1294 2230 lib.

225 2256 305 2295 xi.
363 2246 643 2297 ‘Moratur
689 2250 796 2300 Dei
844 2251 1034 2302 ancilla
1076 2253 1131 2304 in
1174 2253 1295 2303 lari·

227 2321 323 2371 bus
349 2321 548 2385 alienis,
568 2330 624 2372 et
645 2324 917 2376 interillos
940 2327 1175 2378 omuibus
1205 2329 1296 2379 bo-

225 2396 439 2448 noribus
465 2400 795 2462 Daemonnm,
817 2404 1053 2453 omnibus
1078 2406 1298 2455 solenni-

227 2468 325 2523 bus
347 2474 571 2540 Regum,
604 2476 887 2542 incipiente
927 2494 1080 2544 anno,
1113 2480 1298 2545 incipi-

226 2557 351 2601 ente
370 2566 567 2615 mense,
589 2553 770 2603 nidore
791 2554 956 2605 thuris
980 2556 1294 2620 agitabitur:

226 2633 284 2676 et
307 2628 560 2691 procedet
598 2629 664 2679 de
694 2631 857 2694 janua
886 2632 1119 2683 laureata
1143 2640 1198 2684 et
1221 2636 1298 2684 lu-

226 2709 463 2766 cernata,
502 2711 559 2753 ut
591 2704 657 2755 de
697 2721 831 2756 novo
855 2709 1159 2760 consistorio
1184 2710 1298 2760 libi·

227 2779 405 2830 (linum
447 2780 805 2843 publicarum.⁹
870 2785 1025 2836 Quod
1064 2799 1188 2836 vero
1230 2787 1300 2837 ad

225 2855 482 2907 fenestras
503 2856 683 2919 etiam,
707 2859 897 2922 probat
920 2875 987 2910 ex
1007 2863 1105 2912 hoc
1129 2863 1299 2913 Persii

226 2936 366 3000 loco,
400 2952 553 3002 quem
589 2936 743 2989 affert
764 2939 990 2991 ibidem:
1040 2941 1176 2991 Vide
1205 2942 1301 2994 Ju-

230 3015 402 3065 venal.
421 3014 533 3064 Sat.
558 3028 663 3067 ιη.
680 3020 761 3067 92.
795 3024 851 3066 et
875 3017 945 3066 ibi
966 3024 1233 3070 annotata.

295 3095 392 3140 182
427 3091 750 3155 Rubrumque]
815 3093 1115 3153 Miniatum,
1138 3108 1228 3145 seu
1268 3110 1299 3145 e

229 3173 374 3217 terra
393 3166 566 3218 rubra.
619 3166 706 3217 Sic
728 3168 964 3218 Martini.
987 3169 1298 3233 Epigramm-

233 3257 315 3294 xr.
340 3247 424 3295 28.
456 3245 475 3273 ‘
499 3244 835 3307 paropsidem
859 3244 1068 3294 rubram
1086 3247 1300 3309 posuit!

231 3320 304 3371 Et
338 3333 456 3371 xiv.
505 3324 618 3370 114.
651 3324 667 3349 ‘
693 3322 924 3371 Cumano
957 3319 1296 3373 rubicundam

230 3398 448 3462 pulvere
471 3396 697 3447 testam!

295 3472 531 3537 Amica:
561 3474 771 3524 minu
796 3474 946 3523 cauda
981 3472 1147 3538 ndat]
1213 3473 1299 3524 In-

233 3556 444 3614 gentem
477 3549 705 3599 catinum
727 3550 946 3615 implens
972 3551 1155 3615 thynni
1178 3565 1300 3602 cau·

232 3628 304 3675 da
324 3625 375 3676 in
400 3626 524 3690 jure
543 3626 837 3678 conditorio
859 3635 1024 3689 natat,
1044 3629 1302 3693 epulanti-

233 3703 330 3754 bns
347 3704 568 3766 sudans,
583 3710 638 3754 et
658 3703 820 3755 festos
842 3704 953 3755 dies
974 3706 1267 3769 agentibus.

302 3785 398 3831 18³
436 3781 601 3831 cuda
623 3780 817 3846 chyam]
856 3783 1022 3834 Piscis
1044 3793 1217 3847 notus,
1235 3783 1303 3836 de

232 3868 337 3920 quo
372 3857 608 3920 pluribus
639 3856 768 3907 locis
791 3856 1109 3910 Atbenaeuse
1161 3859 1302 3911 Plin.

233 3942 315 3981 rx.
339 3936 420 3982 15.
445 3932 520 3981 sic
541 3931 699 3981 habet
721 3949 734 3982 ε
768 3934 784 3959 ‘
810 3932 1088 4000 Praecipua
1115 3937 1309 4001 magni·

235 4008 419 4060 tudine
459 4008 659 4074 thynni.
760 4007 1060 4062 Invenimus
1106 4011 1308 4062 talenta

233 4087 532 4152 quindecim
556 4087 885 4152 pependisse.
920 4088 1163 4153 Ejusdem
1188 4104 1307 4139 cau·

234 4163 320 4212 dte
332 4162 659 4215 latitudinem
669 4163 775 4215 duo
786 4163 963 4215 cubita
979 4172 1034 4216 et
1050 4163 1310 4231 palmum:

236 4244 340 4289 &c-

1444 1184 1613 1235 Tsuuct
1633 1183 1920 1251 albofldaelia
1941 1184 2073 1248 viae]
2118 1184 2288 1234 Plena
2309 1184 2445 1234 scili-

1376 1267 1464 1310 cet
1486 1259 1680 1322 fidelia,
1716 1277 1804 1311 vas
1843 1262 2102 1312 vinarium
2141 1277 2206 1312 ex
2243 1262 2443 1327 argilla.

1372 1334 1508 1385 Vide
1529 1335 1643 1386 Sat.
1667 1350 1754 1386 nr.

1438 1415 1535 1461 184
1568 1410 1731 1474 Labra
1750 1427 1900 1462 moves
1915 1411 2114 1475 tacitus]
2154 1412 2238 1461 Tu
2263 1427 2444 1476 super-

1373 1486 1604 1537 stitiosus
1626 1488 1825 1540 Jndaeis
1862 1494 1914 1538 te
1953 1488 2235 1551 immisces,
2271 1489 2322 1538 in
2359 1502 2445 1538 eo·

1373 1576 1484 1612 rum
1520 1564 1842 1627 proseuchis,
1876 1578 1967 1614 seu
2022 1564 2444 1628 precationibus3

1374 1644 1431 1687 et
1453 1638 1688 1703 concipis
1718 1646 1843 1690 vota
1878 1641 2037 1689 tacito
2074 1654 2353 1703 murmure,
2378 1639 2444 1689 de

1373 1729 1475 1779 quo
1498 1715 1619 1764 vide
1641 1716 1751 1766 Sat.
1787 1729 1849 1765 n.
1873 1720 1921 1766 d.
1992 1715 2179 1765 Horat.
2199 1715 2370 1779 Epist.
2404 1729 2445 1765 1.

1375 1795 1456 1841 16.
1489 1791 1507 1818 ‘
1526 1791 1695 1842 Labra
1716 1799 1888 1841 movet
1912 1799 2147 1842 metuens
2169 1792 2369 1844 audiri!

1440 1868 1757 1933 Reeutithue
1777 1869 1972 1919 subbata
1988 1868 2160 1935 palles]
2206 1871 2336 1920 Cum
2353 1870 2449 1922 Ju-

1375 1943 1502 1993 daeis
1526 1944 1655 1994 colis
1688 1944 1941 2005 Sabbata,
1974 1953 2220 2005 tremens,
2252 1953 2309 1997 et
2343 1952 2447 1996 sto·

1372 2018 1480 2069 lide
1518 2018 1811 2083 religiosus.
1911 2021 2070 2069 Certe
2118 2018 2329 2071 Jndaeos
2368 2020 2444 2068 ni-

1372 2095 1532 2145 mium
1570 2095 1667 2144 hac
1711 2095 1765 2144 in
1812 2096 1868 2144 re‘
1905 2095 2293 2159 superstitiosos
2332 2096 2448 2162 quis

1373 2186 1478 2222 non
1519 2169 1768 2235 fateatur,
1791 2185 1908 2221 cum
1942 2171 2118 2220 hostes
2156 2172 2450 2234 ingruentes

1373 2249 1785 2314 invadentesque
1805 2248 2035 2299 Sabbato
2074 2249 2349 2312 repellere,
2383 2265 2447 2301 ac

1376 2328 1513 2375 tueri
1538 2341 1612 2386 se,
1647 2326 1877 2389 religioni
1902 2326 2190 2386 ducerent3
2244 2327 2367 2392 quin
2391 2333 2449 2377 et

1377 2402 1640 2452 Christum
1698 2402 1980 2453 Dominum
2036 2403 2337 2453 incusarent
2393 2408 2450 2453 et

1378 2478 1798 2541 criminarentur,
1844 2481 1983 2546 quod
2029 2494 2194 2546 aegros
2244 2486 2452 2531 sanaret

1377 2555 1464 2606 die
1484 2557 1701 2607 Sabbati
1720 2558 1740 2605 ?

1444 2633 1697 2698 Recutitu]
1731 2632 2025 2698 Hypallage
2043 2635 2077 2686 J
2085 2634 2217 2684 udaei
2241 2633 2452 2685 recutiti

1378 2708 1689 2759 dicebantur
1718 2709 1785 2758 ob
1828 2710 2182 2759 circumcisam
2210 2709 2452 2772 proeputii

1376 2791 1584 2833 cutem:
1621 2784 1696 2833 sic
1721 2789 1776 2833 et
1801 2784 2025 2833 Horatio
2045 2784 2233 2847 Apella,
2273 2783 2327 2832 id
2351 2789 2452 2847 est,

1378 2860 1489 2909 sine
1527 2861 1684 2924 pelle,
1717 2860 1920 2910 scilicet
1962 2860 2013 2908 in
2053 2873 2117 2908 ea
2156 2874 2307 2924 quam
2343 2860 2451 2910 dixi

1381 2938 1615 2999 corporis
1638 2942 1811 3001 parte,
1834 2936 1982 3000 cujus
2022 2935 2342 2986 circumcisio
2378 2937 2454 2986 di·

1379 3012 1502 3061 vino
1516 3013 1662 3075 jussu
1687 3012 1929 3062 mandata
1953 3011 2256 3075 designabat
2278 3012 2452 3064 cordis

1380 3090 1761 3154 separationem
1797 3105 1827 3139 a
1867 3089 2257 3157 cupiditatibus,
2280 3098 2341 3141 ut
2378 3091 2454 3142 ait

1379 3170 1704 3232 Lactantius,
1729 3176 1785 3219 et
1807 3169 1911 3219 alii.

1441 3245 1676 3309 Sabbata]
1697 3246 1815 3296 Vox
1838 3254 1918 3297 est
1936 3246 2199 3296 Hebraica
2220 3246 2457 3313 requiem

1376 3321 1693 3386 significans,
1717 3329 1772 3371 et
1806 3322 1941 3372 diem
1977 3323 2314 3373 hebdomadas
2338 3338 2455 3388 sep·

1378 3400 1578 3457 timam,
1615 3399 1728 3447 Deo
1755 3397 1976 3463 jubente
2001 3414 2095 3463 per
2116 3399 2340 3462 Momm,
2359 3398 2455 3449 Ju-

1379 3475 1509 3525 daeis
1549 3474 1815 3536 feriatam,
1850 3482 1959 3524 tum
2000 3480 2058 3524 ut
2099 3474 2456 3523 meminissent

1379 3552 1522 3604 orbis
1567 3569 1599 3603 a
1643 3553 1765 3602 Deo
1811 3551 2007 3603 conditi
2046 3558 2101 3601 et
2141 3565 2231 3600 sex
2271 3550 2456 3600 diebus

1382 3626 1612 3694 perfecti
1634 3646 1651 3690 ς
1703 3637 1810 3679 tum
1828 3630 1985 3680 etiam
2006 3644 2111 3678 sum
2138 3643 2200 3677 ex
2227 3626 2457 3691 AEgypto

1381 3705 1720 3755 liberationis.
1790 3705 1895 3755 Hic
1918 3720 2037 3754 vero
2057 3703 2267 3755 Sabbata
2286 3718 2459 3767 quam-

1382 3781 1515 3832 libet
1559 3781 1862 3832 Judoeorum
1916 3779 2277 3831 celebritatem
2325 3778 2459 3829 indi·

1385 3874 1508 3909 care
1532 3859 1794 3921 videntur,
1812 3872 1904 3922 per
1926 3856 2308 3921 metonymiam.

1456 3933 1638 3997 Palles]
1685 3934 1806 3983 Sive
1838 3934 1904 3983 ob
1933 3933 2207 3997 Jejunium,
2229 3931 2365 3997 quod
2389 3930 2454 3981 sd

1385 4026 1655 4075 vesperam
1696 4008 1871 4061 Jndaei
1913 4009 2222 4069 servabant3
2274 4021 2363 4055 seu
2389 4005 2458 4055 ob

1385 4094 1580 4136 metum
1606 4084 2021 4149 superstitiosum
2042 4100 2056 4144 ς
2103 4097 2192 4133 seu
2217 4080 2284 4130 ob
2308 4093 2456 4144 squa-

1386 4161 1571 4223 lorem,
1590 4168 1647 4211 et
1669 4161 1892 4212 cinerem
1920 4173 2023 4225 quo
2046 4158 2119 4209 illi
2144 4172 2199 4207 sc
2217 4170 2461 4220 consper-

1387 4238 1584 4303 gebant
1621 4236 1673 4287 in
1707 4235 1949 4288 sabbatis
1972 4235 2156 4286 saltem
2179 4233 2457 4299 aliquibus.
