2992 4859
494 342 626 425 2¹4

492 498 590 548 Est
625 497 862 562 Metapli.
906 496 974 547 ab
1025 510 1089 547 eo
1147 495 1235 560 qui
1294 495 1553 558 dejectum

497 586 565 622 ex
619 572 971 622 misericordia
1023 571 1294 621 sublevare
1349 570 1553 621 nititur.

558 728 624 773 92
654 725 750 773 Sed
771 723 998 785 numeris]
1032 723 1189 773 Hunc
1214 736 1413 772 versum
1441 734 1555 784 pro-

494 796 602 848 fert
621 798 683 861 is,
700 799 786 861 qui
811 805 921 847 tota
941 798 1038 847 hac
1059 798 1244 860 Satyra
1267 795 1553 858 vulgarium

497 872 776 923 Poetarum
814 887 1016 921 causam
1050 872 1177 934 agit.
1236 868 1552 920 casaubonus.

494 948 593 998 Est
616 962 741 1009 ergo
765 945 903 994 aliud
929 945 1183 1009 quoddam
1209 943 1442 993 Poeticae
1464 958 1552 992 va-

495 1023 672 1073 nitatis
691 1028 1068 1084 argumentum,
1090 1018 1227 1083 quod
1250 1018 1457 1067 nimiam
1476 1031 1555 1066 so-

493 1099 546 1149 ni
568 1105 625 1148 et
657 1096 1024 1148 concinnitatis
1045 1095 1339 1155 verborum,
1361 1095 1553 1143 nullam

492 1175 740 1238 subjectae
757 1173 1029 1224 sententiae
1046 1166 1297 1221 rationem
1310 1171 1553 1222 habeant.

496 1250 655 1302 Quod
677 1248 947 1299 coufirmat
985 1246 1219 1297 versibus
1259 1246 1452 1310 aliquot
1486 1261 1553 1295 ex

495 1325 780 1376 Pot‘itarum
839 1325 916 1373 sui
974 1323 1218 1386 temporis
1271 1323 1411 1371 libris
1463 1322 1553 1373 de·

494 1399 1029 1465 promptius-„Quam
1095 1400 1191 1448 Est
1243 1399 1555 1461 Metaphora

495 1476 564 1525 ab
585 1475 802 1525 incoctis
824 1475 974 1537 cibis,
1008 1480 1064 1524 et
1096 1474 1377 1523 immaturis
1413 1471 1553 1523 fruc·

495 1551 651 1601 tibus.
693 1551 947 1613 Intelligit
963 1556 1133 1600 autem
1156 1563 1335 1598 versus
1355 1555 1551 1598 temere

494 1623 704 1687 effusos,
726 1638 821 1674 nec
844 1631 1048 1674 matura
1069 1624 1403 1673 meditatione
1425 1623 1553 1671 satis

495 1701 757 1750 decoctos.
823 1701 984 1753 Quasi
1028 1700 1199 1748 dicat:
1238 1697 1553 1759 Immaturis,

493 1775 712 1836 acerbis,
746 1776 979 1840 ingratis,
1017 1774 1555 1838 incultis—Numeres]

494 1850 560 1900 ld
584 1856 685 1912 est,
710 1852 979 1914 Versibus,
1013 1851 1098 1915 qui
1134 1850 1291 1900 certis
1326 1850 1551 1899 numeris

495 1934 554 1978 et
595 1926 845 1977 mensuris
884 1926 1392 1990 coustant.—Deoor]
1453 1925 1553 1974 Or·

495 2009 667 2063 natus,
705 2003 962 2065 Saturitas,
1006 2009 1061 2054 et
1106 2002 1366 2052 Dulcedo.
1433 2002 1551 2050 Non

492 2078 552 2127 τὸ
588 2077 783 2142 τρόπον,
821 2079 914 2129 sed
947 2078 1008 2128 τὸ
1037 2077 1555 2142 κάλλος.--Ῑωιοὲειι·α]

497 2156 762 2204 Connexio
789 2161 844 2205 et
866 2161 1144 2205 structuras
1179 2153 1553 2215 coagmentatio

495 2229 777 2293 equabilis.
801 2231 1031 2280 Tui-neb.
1057 2242 1257 2279 xxvur.
1276 2234 1357 2279 26.

561 2309 626 2355 98
661 2304 910 2368 claudere,
928 2306 1036 2368 ξω]
1091 2305 1278 2366 Ιᾱέεῐ,
1303 2304 1551 2368 Egregius

493 2381 583 2430 ille
619 2380 787 2430 Poeta
828 2381 1084 2429 Romanus
1119 2380 1348 2445 (Ironice
1385 2381 1458 2430 sic
1479 2382 1554 2430 lo·

498 2454 697 2521 quitur)
718 2470 921 2506 versum
944 2456 1016 2505 ita
1038 2455 1233 2504 didicit'
1244 2455 1551 2506 concludere

494 2538 552 2580 et
595 2531 880 2593 absolvere.
914 2531 1404 2597 labim—-Clotadere,
1444 2534 1552 2597 ζα]

495 2607 642 2657 Bene
663 2621 857 2666 mones,
891 2607 1056 2672 inquit
1083 2607 1398 2670 respondens
1422 2608 1552 2657 Per-

493 2683 629 2733 sius:
663 2697 787 2733 saue
809 2683 945 2733 enim
970 2683 1218 2745 praeolare
1239 2682 1323 2732 isti
1349 2682 1413 2731 de
1437 2684 1552 2732 Mu-

494 2759 567 2808 sis
614 2760 856 2809 Romanis
905 2767 1023 2808 snut
1070 2757 1263 2820 meriti,
1305 2758 1394 2822 qui
1445 2773 1552 2808 uon

495 2837 730 2886 contenti
780 2837 996 2885 solutam
1050 2834 1336 2883 orationem
1377 2849 1553 2883 corru-

494 2913 650 2975 pisse,
694 2911 852 2962 etiam
893 2910 1135 2961 Poetices
1174 2925 1323 2959 sacra
1359 2912 1552 2973 pollue·

493 2999 633 3050 runt,
668 2988 878 3038 invento
913 2987 1013 3037 hoc
1053 3001 1240 3051 genere
1273 3000 1407 3036 novo
1441 3000 1555 3035 ver-

493 3076 641 3113 suum
687 3064 1104 3126 rhythmicorum.
1126 3088 1189 3098 —
1217 3062 1555 3125 Berecynthia

496 3139 666 3200 Attin]
725 3139 811 3186 Sic
844 3137 1116 3199 legendum
1139 3142 1243 3185 est:
1285 3136 1422 3200 quod
1446 3136 1553 3199 pri-

494 3211 613 3262 dem
650 3212 849 3261 monuit
882 3211 1137 3273 Josephus
1174 3210 1422 3273 Scaliger.
1458 3212 1551 3260 Ca·

489 3286 622 3338 aab.
639 3312 702 3322 -—
721 3286 1064 3350 Berecynthia
1083 3285 1229 3353 Atys]
1291 3286 1551 3336 Videntur

493 3360 597 3413 ista
637 3362 790 3412 citari
836 3377 901 3410 ex
947 3361 1129 3411 Attiue
1173 3361 1427 3411 Neronis:
1482 3364 1552 3412 de

494 3456 598 3507 quo
618 3441 742 3491 Dio.
807 3441 999 3489 Verum
1039 3441 1136 3489 hoc
1174 3440 1550 3503 hemistichion,

491 3525 553 3567 nt
588 3516 742 3567 nimis
780 3517 949 3577 molle,
972 3523 1153 3567 auctor
1183 3523 1357 3566 noster
1390 3517 1546 3568 ridet.

491 3593 660 3644 ‘Notat
682 3599 856 3642 autem
878 3607 1037 3641 vanus
1073 3593 1161 3642 ille
1201 3594 1425 3657 quisquis
1447 3593 1549 3643 fuit

491 3665 677 3728 Poeta,
693 3667 916 3717 fabulam
936 3668 1001 3716 de
1019 3667 1126 3731 Aty
1144 3682 1302 3731 puero
1322 3669 1546 3732 Phrygio

489 3740 876 3806 formosissimo,
915 3758 946 3791 a
968 3744 1159 3806 Cybele
1180 3744 1262 3792 vel
1285 3744 1547 3807 Berecyn-

490 3818 597 3868 thia
630 3818 884 3877 adamato,
909 3820 993 3882 qui
1016 3820 1115 3883 ipsi
1146 3819 1358 3884 Cybelae
1389 3819 1545 3870 fidem

489 3894 725 3956 dederat,
769 3908 825 3941 se
867 3894 1059 3943 nullam
1115 3910 1336 3958 unquam
1392 3895 1546 3945 aliam

490 3976 792 4019 amaturum.
859 3968 993 4016 Vide
1015 3970 1171 4019 ovid.
1195 3970 1410 4022 Metam.
1433 3970 1465 4021 1.
1481 3976 1544 4021 'x.

486 4045 717 4095 Turneb.
743 4057 946 4094 xxvm.
969 4047 1049 4093 26.

552 4123 618 4168 94
652 4120 723 4169 Et
754 4120 851 4182 qai,
883 4118 990 4181 εγω]
1055 4118 1160 4168 Hic
1184 4118 1340 4168 etiam
1367 4133 1542 4170 versus

489 4194 726 4261 turgidus
747 4204 804 4247 et
819 4196 1136 4248 adsectatus.
1183 4197 1348 4248 Notat
1371 4204 1543 4249 autem

1151 420 1162 427 q
1199 354 1413 405 ΝΟΜ
1463 298 1866 399 mansuum
1911 348 1991 398 m

1630 489 1855 541 fabulam
1899 490 1966 539 de
2007 487 2218 551 Arione,
2259 482 2692 552 quomodo'illom

1632 567 1860 630 Delphin
1891 580 1985 630 per
2006 580 2148 615 mare
2169 565 2233 614 ad
2256 564 2403 614 littus
2426 570 2696 614 transvex-

1630 641 2047 706 erim—Delphin]
2101 644 2245 695 Quos
2266 640 2483 691 Musicis
2507 640 2697 688 instru-

1628 718 1819 768 mentis
1874 719 2043 768 laetari
2105 716 2390 781 gravissimi
2451 721 2698 764 auctores

1629 792 2274 856 testantur.—Dirimebat]
2327 793 2433 842 Pro
2459 800 2696 841 transna-

1630 870 1741 929 δατ,
1788 871 1873 919 vel
1926 870 2096 920 nando
2152 869 2366 919 secabat
2415 869 2697 917 caeruleum

1629 947 1823 1007 Nerea,
1867 946 1946 994 vel
1987 959 2145 994 mare.
2230 945 2473 994 Divimere
2514 945 2703 1007 Nereo,

1628 1033 1722 1082 pro
1745 1021 1945 1070 Natare
1970 1021 2020 1069 iu
2045 1019 2189 1069 mari.
2225 1019 2449 1068 [Μάκαι.

1691 1101 1754 1146 95
1810 1096 1911 1158 Sic,
1959 1096 2066 1159 ξω]
2162 1095 2352 1145 Omnia
2406 1095 2693 1157 Epicurum

1629 1169 1875 1233 carmina,
1896 1171 1970 1219 ita
2000 1169 2111 1220 fere
2146 1175 2269 1219 sunt
2298 1168 2607 1233 composita,
2631 1174 2695 1218 ut

1628 1248 1891 1310 proximus
1925 1260 2016 1309 pes
2048 1246 2114 1295 ab
2139 1245 2321 1295 ultimo
2344 1244 2584 1307 dactylus
2607 1245 2697 1308 sit,

1627 1322 1861 1384 exceptis
1883 1312 2155 1370 admodum
2180 1321 2380 1383 paucis,
2398 1334 2527 1384 quos
2550 1336 2698 1367 στον-

1627 1394 1874 1458 unisonas
1909 1396 2196 1460 appeliant,
2219 1404 2273 1443 ut
2317 1394 2453 1458 apud
2496 1394 2697 1444 Corne-

1626 1473 1751 1522 lium
1772 1472 2047 1521 Severum:
2073 1471 2269 1520 ‘Pinea
2292 1469 2519 1518 frondosi
2543 1484 2695 1519 coma

1625 1554 1910 1597 murmurat
1935 1546 2227 1611 Apennini!
2266 1547 2373 1596 Vet.
2398 1546 2692 1609 θεὼ-Βῆ]

1627 1623 1810 1673 Poetae
1855 1624 2067 1673 verbum
2116 1628 2213 1672 est.
2301 1623 2461 1674 Quasi
2512 1622 2691 1673 dicat:

1626 1699 1872 1762 Ejusdem
1892 1697 2077 1747 farinae
2115 1704 2169 1746 et
2203 1699 2288 1748 hic
2310 1712 2485 1747 versus
2522 1703 2693 1746 eat.—

1631 1777 1845 1840 eostam]
1868 1775 1931 1824 Id
1952 1784 2054 1837 est,
2073 1774 2273 1823 Later-is
2292 1782 2494 1836 partem
2514 1772 2697 1836 Apen-

1628 1851 1732 1900 nini
1755 1852 1942 1900 montis
1964 1849 2238 1899 avulsimus
2272 1856 2328 1899 et
2349 1849 2693 1911 excussimus,

1627 1942 1825 1992 perque
1844 1926 1979 1975 illam
1999 1926 2271 1975 transitum
2291 1925 2435 1974 nobis
2452 1924 2693 1978 fecimus.

1627 2006 1725 2054 Est
1746 2010 1919 2054 autem
1959 2003 2267 2066 Me'tapltora
2290 2004 2470 2065 inepta
2502 2009 2558 2052 et
2594 2004 2689 2052 ad-

1627 2077 1844 2128 fectata.
1910 2078 2006 2128 Est
2028 2082 2198 2128 autem
2221 2078 2496 2141 Apenninus
2514 2092 2689 2142 mons,

1628 2154 1714 2219 qui
1737 2154 1955 2203 mediam
1980 2154 2183 2203 Italiam
2208 2153 2411 2203 dividit.
2446 2152 2619 2202 Lenia.

1690 2233 1757 2279 96
1787 2231 1954 2291 Arma,
1975 2229 2076 2292 ξω]
2110 2229 2413 2291 Respondet
2427 2229 2534 2292 jam
2558 2229 2694 2278 Per-

1626 2305 1702 2355 sio
1727 2305 2043 2369 turgidorum
2079 2304 2169 2354 ille
2204 2304 2485 2353 carminum
2526 2303 2695 2354 admi-

1627 2387 1785 2429 rator.
1874 2379 2035 2430 Quasi
2080 2378 2250 2428 dicat:
2308 2377 2385 2426 Si·
2407 2377 2503 2427 tibi
2555 2378 2692 2431 adeo

1627 2456 1834 2520 turgida
1856 2462 1911 2506 et
1936 2470 2066 2504 vana
2086 2455 2344 2515 videntur,
2367 2458 2543 2519 q'uaeso
2562 2452 2693 2519 quid

1627 2533 1693 2581 de
1715 2534 1804 2581 illo
1835 2532 2064 2581 Maronis
2097 2532 2320 2581 carmine
2358 2537 2574 2594 statues,
2596 2544 2692 2580 cu-

1616 2607 1703 2672 jus
1726 2615 1805 2657 est
1822 2608 1916 2657 boc
1940 2608 2264 2671 principium,
2286 2610 2303 2635 ‘
2324 2606 2486 2655 Arma
2498 2606 2696 2657 vimm-

1626 2699 1725 2749 que
1746 2685 1925 2735 canoz’
1961 2698 2133 2735 nonne
2168 2686 2266 2733 hoc
2300 2697 2508 2749 quoque
2542 2682 2696 2733 infla-

1626 2767 1753 2824 tum,
1793 2761 2052 2810 horridum
2096 2758 2429 2810 et'scabrum
2445 2761 2692 2809 ?-Amc

1624 2837 1801 2901 cirum]
1848 2837 2181 2901 synecdoche
2220 2837 2384 2900 partis
2421 2849 2515 2899 pro
2562 2842 2695 2886 toto.

1626 2912 1848 2961 Ponitur
1885 2911 1986 2961 hoc
2031 2926 2126 2975 pro
2181 2918 2291 2960 toto
2320 2910 2691 2961 'Poenina—

1628 2987 1932 3050 Nonae,85c.]
1972 2986 2034 3036 Id
2059 2995 2156 3050 est,
2175 2986 2378 3036 Vanum
2403 2988 2693 3050 turgidum-

1628 3080 1746 3129 que,
1768 3066 1929 3114 instar
1950 3058 2162 3128 spumae.
2189 3063 2688 3129 lab.——Nonne,q·c.]

1627 3142 1929 3192 Meminerlt
1949 3143 2118 3192 lector
2138 3143 2251 3205 ejus
2275 3140 2411 3206 quod
2437 3147 2560 3191 ante
2583 3156 2691 3191 mo-

1624 3218 2011 3278 nebamus,eum
2040 3219 2126 3282 qui
2153 3217 2331 3267 Persio
2350 3218 2691 3282 contradicit,

1625 3294 1700 3344 sic
1722 3295 1875 3344 antimi
1901 3294 1977 3342 sui
2003 3309 2153 3343 sensa
2183 3293 2372 3357 eloqui,
2404 3300 2466 3342 ut
2510 3293 2688 3345 verbis

1626 3375 1798 3419 tamen
1841 3378 2016 3418 utatur
2055 3384 2121 3418 ex
2155 3375 2329 3418 mente
2363 3369 2550 3417 Persii.
2590 3370 2688 3419 Cu·

1622 3444 1813 3493 σαψ.-
1825 3444 2012 3493 Cortice
2029 3443 2222 3507 pingui]
2257 3445 2460 3506 Crasso,
2477 3444 2688 3494 inorna-

1625 3525 1699 3580 to,
1720 3519 1882 3569 multa
1910 3519 2256 3569 redundantia
2276 3519 2489 3583 habeus,
2511 3532 2689 3570 cmssa

1624 3600 1680 3643 et
1700 3595 1865 3643 miuus
1886 3595 2166 3644 elaborata.
2200 3594 2373 3644 lubin.

1685 3674 1749 3720 ⁹⁷
1780 3671 1866 3731 Ut,
1884 3670 1993 3733 mu]
2026 3670 2159 3719 Haec
2177 3672 2337 3719 verba
2354 3678 2473 3720 sunt
2494 3671 2683 3721 Poetae

1622 3746 1793 3795 Persii
1832 3746 2144 3804 adversario,
2187 3753 2432 3809 tanquam
2470 3747 2687 3811 indigno

1623 3823 1705 3871 cui
1730 3822 1862 3871 serio
1902 3822 2094 3886 aliquid
2119 3821 2278 3882 dicat,
2301 3822 2683 3885 respondentis.

1622 3898 1783 3950 Quasi
1805 3898 1970 3948 dicat:
2023 3898 2102 3946 Tu
2136 3903 2278 3947 necte
2298 3898 2535 3960 judicas3
2568 3908 2689 3947 ver-

1622 3988 1704 4023 sus
1741 3973 1856 4037 ejus
1895 3972 2056 4021 crassi
2096 3978 2219 4022 sunt
2254 3980 2310 4021 et
2344 3972 2582 4036 pingues,
2620 3982 2685 4024 ut

1620 4061 1863 4097 annosum
1902 4049 2110 4113 aliquod
2150 4047 2360 4110 ramale,
2406 4049 2686 4112 vtem-audi

1618 4125 1822 4188 subere,
1858 4124 2152 4173 densissima
2173 4124 2364 4172 cortice
2398 4130 2454 4172 et
2483 4131 2684 4189 crusta,

1618 4201 1790 4251 calore
1833 4201 1953 4251 solis
1993 4206 2200 4250 coctum
2240 4205 2299 4249 et
2336 4198 2680 4254 exsiccatum.
