2992 4859
476 250 608 317 286
1181 253 1493 308 NOT1T1A
1544 252 1966 304 uranum

477 424 616 495 post
641 410 894 472 auctoris
922 418 1169 470 mortem
1196 406 1452 476 abolitis,
1492 414 1695 483 utpote
1741 402 1992 482 indiguis
2034 401 2191 472 luce,
2239 400 2398 458 solus
2444 393 2523 457 ad
2562 415 2670 457 nos

477 512 736 591 pervenit
766 511 910 569 liber
931 528 1030 567 sex
1058 506 1387 567 Satirarum
1417 508 1434 534 ¹
1467 503 1678 561 doctus
1711 510 1771 559 et
1798 508 2054 580 argutus,
2100 497 2198 555 sed
2224 516 2362 556 cum
2391 493 2619 554 acerbis
2644 494 2674 524 ²

480 610 696 669 salibus
726 609 950 687 plenus,
981 615 1102 665 tum
1131 604 1208 663 ita
1237 602 1545 671 obscurus,
1566 607 1634 658 ut
1652 607 1961 677 propterea
1986 593 2275 678 aliquibus
2302 589 2672 694 abjiciendus

478 726 602 767 esse
629 705 941 768 videretur.

1331 937 1342 948 ·
1387 906 1763 968 CODICES.

564 1120 844 1184 Codicem
871 1117 1051 1179 Persii
1078 1116 1359 1193 scriptum
1385 1112 1851 1192 antiquissimum
1894 1109 1954 1168 in
2000 1107 2364 1167 Bibliotheca
2386 1101 2677 1181 praedica-

481 1228 675 1280 torum
685 1213 1226 1275 vindobonensium
1251 1220 1548 1280 memorat,
1566 1229 1638 1268 ex
1655 1227 1843 1285 eoque
1864 1225 2091 1265 versum
2111 1204 2280 1263 affert
2299 1200 2597 1260 vadianus
2616 1199 2679 1257 in

485 1314 748 1393 Epistola
774 1312 848 1370 ad
880 1309 1038 1370 Rud.
1071 1307 1425 1386 Agricolam,
1458 1325 1577 1384 qua
1603 1306 1776 1364 Mclae
1807 1322 1915 1362 suo
1937 1301 2231 1380 praefatur.
2289 1297 2588 1358 Juvenalis
2616 1305 2682 1354 et

481 1411 658 1471 Persii
686 1418 876 1470 autem
904 1405 1095 1467 codex
1126 1425 1238 1464 scr.
1281 1404 1338 1461 in
1389 1402 1541 1462 Bibl.
1573 1397 1920 1460 Gersdorfia
1960 1400 2017 1456 in
2052 1394 2428 1473 premerid.
2460 1392 2679 1451 literar.

484 1508 646 1585 Lips.
682 1514 855 1574 1710.
885 1512 1259 1571 memoratur,
1310 1499 1565 1576 itemque
1614 1495 1844 1555 Ladon.
1894 1492 2208 1586 Cendratoe
2251 1504 2407 1549 notre
2435 1490 2588 1547 Mss.
2615 1487 2679 1545 in

485 1606 610 1663 Sat.
641 1620 688 1662 1.
715 1612 774 1661 et
803 1619 881 1662 11.
912 1601 971 1658 in
997 1598 1365 1658 Bibliotheca
1393 1592 1856 1671 Rbedigeriana:
1898 1592 1955 1649 in
1989 1589 2211 1649 Labbei
2237 1597 2429 1646 autem
2460 1584 2681 1645 Biblio-

483 1699 655 1757 theca
701 1717 850 1756 nova
900 1697 1049 1758 Mss.
1095 1713 1156 1774 p.
1200 1689 1302 1753 68.
1331 1698 1645 1751 comment.
1681 1689 1742 1749 in
1782 1687 2039 1748 Persium
2088 1684 2423 1763 Cantalycii
2471 1702 2505 1742 e
2540 1683 2682 1742 Sec.

486 1794 675 1856 1111.³

1486 1945 1696 1997 NOTAE

1625 2104 1873 2156 Codicem
1915 2103 2085 2154 Persii
2115 2103 2218 2153 Ms.
2240 2102 2567 2151 chartaceum
2588 2099 2681 2150 fol.

1624 2181 1748 2231 min.
1794 2180 1887 2231 sed
1918 2180 2179 2244 juniorem
2227 2191 2444 2242 eumque
2492 2178 2681 2228 seculo

555 2111 581 2157 l
607 2108 671 2157 P.
697 2107 935 2156 Pithoeus
971 2111 1211 2170 testatur,
1245 2107 1298 2156 in
1332 2107 1544 2171 antiquo

487 2182 594 2231 Ms.
635 2182 861 2246 singulas
903 2184 1116 2246 paginas
1159 2184 1291 2231 banc
1329 2182 1544 2246 inscrip-

488 2257 679 2307 tionem
697 2272 802 2326 prae
823 2272 878 2306 se
899 2258 1110 2306 tulisse:
1133 2259 1147 2283 ‘
1167 2258 1545 2306 Thebaidorum

486 2328 657 2383 Persii
679 2329 882 2392 Satira,'
907 2330 1030 2379 etin
1046 2338 1278 2380 extremo
1300 2349 1313 2379 z
1339 2333 1546 2395 ‘Expli-

487 2409 599 2460 suit
628 2408 799 2458 Persii
831 2405 1209 2457 Thebaidorum
1240 2407 1413 2457 Satira
1433 2405 1547 2457 reu-

486 2485 655 2537 citer!

553 2565 585 2612 2
610 2561 750 2612 Hinc
783 2559 945 2610 Sereri
985 2561 1389 2625 appellationem
1422 2561 1548 2609 Per-

489 2637 596 2690 sius
619 2638 757 2698 tulit,
781 2630 846 2686 ut⁸
865 2637 1092 2686 Lucilius
1112 2653 1142 2686 a
1164 2637 1197 2686 J
1204 2637 1416 2686 uvenale
1441 2637 1547 2685 dic·

487 2719 574 2762 tus
598 2720 681 2763 est
703 2715 888 2775 ardens,
910 2714 1145 2764 Catullus
1160 2712 1398 2762 doctasab
1423 2712 1548 2762 Ovi-

489 2788 594 2850 dio,
633 2788 879 2837 Horatius
912 2804 943 2837 a
971 2788 1150 2838 Persio
1172 2787 1305 2848 vqr‘ei·
1334 2789 1546 2848 dicitur,

487 2863 756 2914 lucretius
793 2879 823 2912 a
855 2865 1064 2913 Lucano
1098 2865 1316 2929 difficilis.
1353 2863 1548 2914 Confer

487 2941 640 2991 Baeui
659 2942 888 2992 Lexicon
913 2943 964 2989 in
987 2942 1190 3002 Persio,
1226 2941 1313 3006 qui
1334 2953 1548 3004 propter

488 3011 796 3081 singularem
841 3018 1122 3067 carminum
1176 3016 1549 3066 obscuritatem

487 3106 590 3142 non
609 3092 815 3141 dubitat
837 3094 1136 3143 Latinorum
1154 3092 1544 3155 Lycophronem

491 3168 773 3231 appellare.
831 3169 1014 3232 Neque
1038 3169 1269 3230 ignotum
1292 3173 1390 3229 est,
1408 3165 1544 3231 quod

489 3242 681 3308 passim
728 3251 968 3291 narratur
1009 3243 1076 3292 de
1120 3242 1172 3290 S.
1210 3242 1546 3310 Hieronymo,

489 3317 695 3388 quinon
720 3319 930 3382 capiens
944 3320 1056 3385 ejus
1074 3318 1337 3380 tenebras,
1360 3322 1374 3347 ‘
1395 3319 1546 3367 intel-

485 3395 701 3444 lecturis
718 3394 923 3459 ignibus
940 3395 1028 3444 illa
1044 3394 1223 3456 dedit‚'
1235 3395 1547 3459 abjectoque

487 3471 620 3521 libro
642 3473 657 3500 ⁴
681 3473 723 3522 si
746 3487 847 3521 non
871 3472 948 3521 vis
967 3471 1220 3534 intelligi,'
1246 3471 1396 3531 dixit,
1414 3472 1430 3498 ‘
1445 3486 1548 3520 non

490 3547 649 3597 debes
670 3547 803 3611 legi!
868 3549 1043 3602 Minus
1061 3548 1306 3612 praeclare
1331 3546 1395 3594 de
1417 3547 1546 3596 Per-

490 3621 565 3671 sio
601 3624 758 3673 sentit
796 3624 1052 3672 vavassor
1080 3622 1213 3674 libro
1254 3621 1318 3670 de
1349 3621 1548 3671 ludicra

489 3697 718 3747 dictione
742 3715 790 3760 p.
818 3703 931 3748 239.
957 3715 1032 3764 sq.

555 3773 1017 3825 BCommuniravit
1050 3781 1105 3823 et
1144 3773 1411 3822 uobiscum
1453 3788 1547 3837 pro

479 3847 808 3912 (benignitate
830 3864 923 3897 sua
945 3851 1153 3913 egregia
1178 3851 1268 3898 Vir
1292 3851 1544 3900 illustriss.

491 3930 548 3979 et
585 3931 827 3994 patronus
873 3924 1020 3972 nobis
1059 3937 1255 3974 summo
1301 3924 1546 3975 colendus

491 4013 669 4063 opere,
685 4000 1032 4063 Heideggem,
1048 3999 1374 4063 amplissimae
1395 3999 1547 4064 Reip.

490 4073 785 4128 'turicensis
831 4091 864 4125 a
907 4073 1133 4125 consiliis
1176 4082 1234 4125 et
1272 4074 1547 4141 Tribunus,

1625 2270 1717 2305 xv.
1740 2257 1990 2321 scriptum
2009 2256 2072 2306 ab
2108 2254 2307 2304 Adamo
2337 2254 2568 2305 Weraloer
2586 2255 2682 2303 Te·

1623 2334 1865 2395 murensi,
1903 2333 1969 2381 ab
2005 2347 2087 2382 an.
2134 2333 2277 2379 1483.
2315 2329 2380 2379 ad
2416 2344 2499 2380 an.
2537 2333 2682 2380 1491.

1626 2406 1946 2470 paedagogus
1979 2407 2023 2456 is
2042 2405 2148 2455 fuit
2169 2405 2413 2460 Ludoviei
2433 2405 2691 2470 principis

1626 2482 1845 2534 baeredis
1868 2480 2262 2545 Archipalatini,
2273 2488 2383 2529 tum
2396 2479 2539 2532 Prof.
2554 2481 2684 2545 pub-

1626 2559 1753 2608 licus
1765 2558 1900 2621 jutis
1921 2559 2046 2608 Can.
2083 2558 2135 2605 in
2174 2556 2337 2606 Acad.
2372 2556 2685 2606 Heidelber-

1627 2638 1793 2700 gensi‚
1826 2635 2098 2685 defunctus
2136 2634 2189 2683 d.
2227 2638 2277 2684 7.
2317 2634 2464 2696 Sept.
2501 2637 2685 2694 1587.;

1627 2713 1790 2777 (qnod
1836 2711 2013 2763 docuit
2067 2709 2144 2757 vir
2197 2709 2535 2771 doctissimus,
2588 2708 2686 2758 sed

1628 2792 1935 2851 praemature
1956 2786 2085 2835 vivis
2121 2793 2333 2847 ereptus
2366 2786 2484 2834 Car.
2513 2785 2690 2849 ΨΜ,

1630 2860 1775 2911 Prof.
1797 2862 1930 2926 eloq.
1956 2871 2009 2909 et
2030 2861 2152 2910 bist.
2170 2860 2412 2910 Heidelb.
2428 2859 2481 2909 in
2503 2874 2685 2925 progr.

1631 2938 1695 2986 de
1736 2938 1936 3001 origine
1979 2945 2034 2986 ct
2073 2951 2244 3000 progr.
2288 2936 2387 2985 fac.
2425 2936 2591 3000 jurid.
2628 2936 2687 2986 in

1630 3012 1797 3064 Acad.
1824 3014 2065 3063 Heidelb.
2090 3014 2153 3063 P.
2178 3027 2238 3062 n.
2263 3030 2311 3077 p.
2338 3018 2417 3062 14.
2437 3019 2494 3063 et
2510 3027 2595 3063 m.
2628 3029 2687 3077 p.

1628 3095 1674 3140 2.
1714 3106 1791 3155 sq.
1826 3089 1980 3140 Adde
2020 3090 2131 3154 ejus
2168 3090 2483 3153 epitaphium
2525 3089 2579 3137 in
2603 3090 2686 3141 M.

1624 3165 1810 3215 Adami
1848 3165 2047 3230 Apogr.
2089 3166 2322 3214 Monam.
2356 3151 2600 3216 Heidelb.
2629 3180 2687 3228 p.

1626 3241 1732 3306 15.)
1754 3242 1910 3306 poeta
1948 3243 2001 3291 id
2040 3242 2281 3304 temporis
2320 3240 2452 3290 baud
2495 3241 2685 3292 incele-

1625 3316 1749 3382 bris,
1772 3317 1949 3383 (quem
1971 3324 2028 3366 ct
2051 3317 2321 3367 Rcuchliui
2344 3317 2570 3367 amicitia
2591 3316 2686 3367 flo-

1627 3396 1787 3444 ruisse
1829 3411 1933 3445 non
1989 3402 2210 3445 testatur
2252 3397 2413 3445 solum
2454 3397 2689 3446 tetrasti-

1629 3472 1777 3521 chum
1817 3488 1849 3521 a
1892 3472 2110 3522 Wundio
2157 3487 2221 3520 ex
2266 3473 2421 3521 Conr.
2461 3472 2689 3523 Gesneri

1628 3548 1750 3600 bibl.
1800 3550 1941 3598 univ.
1987 3564 2036 3610 p.
2080 3552 2130 3597 8.
2165 3548 2461 3610 adductum,
2500 3550 2595 3598 sed
2627 3558 2685 3602 et

1629 3625 1849 3673 Carmen
1893 3624 1946 3672 in
1990 3624 2105 3686 ejus
2149 3624 2352 3672 laudeni
2389 3625 2588 3674 dictum
2628 3626 2685 3676 in

1627 3697 1860 3748 Scenicis
1882 3713 2256 3763 progymnasm.
2276 3691 2520 3752 Heidelb.
2537 3705 2685 3753 1498.

1626 3777 1673 3822 4.
1697 3790 1711 3833 3
1747 3775 1863 3824 inde
1885 3790 1915 3822 a
1938 3775 2054 3826 Jac.
2077 3775 2380 3824 Burckardo
2406 3776 2458 3824 in
2484 3777 2683 3830 Comm.

1628 3850 1693 3899 de
1717 3850 1904 3913 linguae
1926 3853 2031 3900 lat.
2067 3851 2119 3899 in
2142 3851 2420 3901 Germania
2441 3851 2562 3901 fatis
2582 3855 2683 3907 vol.

1629 3938 1691 3974 ιι.
1715 3940 1767 3989 p.
1791 3930 1906 3976 262.
1929 3923 2034 3992 sq.)
2064 3926 2120 3975 Is
2140 3933 2313 3975 autem
2334 3927 2385 3975 in
2414 3927 2577 3977 Persii
2600 3928 2682 3982 sni

1627 3999 1797 4052 fronte
1820 4004 1995 4070 posuit
2015 4001 2302 4068 epitqmium
2322 4018 2352 4053 a
2371 4003 2608 4070 sefidtun
2620 4021 2641 4060 ε
