2992 4859
397 323 575 391 uso
1089 337 1475 392 ascensus
1531 337 1958 390 antrtonuu

397 481 570 544 multi
617 483 904 544 bonarum
930 482 1140 543 artium
1186 483 1434 545 studiosi
1461 502 1701 561 operam
1728 481 2047 562 posuerint,
2091 478 2192 559 qui
2219 490 2412 541 tamea
2439 479 2601 559 inge-

399 596 514 636 nue
546 576 757 637 suerint
784 577 1053 657 professi,
1098 601 1161 641 se
1188 581 1372 641 multa
1400 600 1516 639 nou
1545 589 1835 640 assecutos
1885 577 1977 637 vel
2022 576 2294 638 caminis
2335 577 2605 637 obscuri-

398 683 540 743 tate,
585 674 676 733 vel
724 687 1048 753 temporum
1095 678 1492 756 ignoratione:
1535 679 1656 737 siue
1701 676 2028 755 arrogantia
2057 687 2257 735 autem
2284 675 2603 735 dictum·se

399 768 570 841 velle,
616 771 795 831 multa
824 773 881 831 iu
913 775 1138 853 Satyris
1184 774 1344 834 hisce
1397 775 1730 834 Latinorum
1760 775 2230 850 Graeoorumque
2256 772 2606 831 auctoritate

399 864 751 928 confirmata
791 889 853 928 se
900 869 1249 949 explicasse,
1280 889 1417 948 quae
1445 870 1543 930 alii
1571 871 1932 949 gravioribus
1960 869 2170 929 studiis
2196 868 2477 946 occupati
2504 887 2607 929 ne-

400 961 702 1039 glexerint,
746 974 806 1023 et
833 965 998 1024 multi
1028 966 1317 1028 literarum
1347 968 1590 1027 studiosi
1615 967 1763 1026 scire
1811 984 2160 1044 magnopere
2204 963 2603 1042 expectarint:

399 1077 592 1137 neque
617 1060 676 1119 id
709 1054 765 1120 iu
795 1062 861 1120 iis
893 1071 1140 1133 tautum,
1185 1082 1319 1141 qua».
1347 1062 1701 1141 quotidianis
1727 1061 2216 1140 disputationibus
2246 1060 2429 1139 quaeri
2459 1059 2610 1120 sole·

400 1166 562 1224 rent;
608 1157 709 1217 sed
737 1168 797 1218 et
824 1158 1121 1239 pleraque,
1166 1180 1303 1237 qua».
1332 1160 1424 1219 vel
1472 1159 1727 1219 historiae
1773 1158 2080 1218 involucro
2117 1160 2314 1218 adhuc
2338 1158 2604 1227 laterent,

401 1254 490 1313 vel
522 1253 772 1334 figurata
800 1257 1125 1320 elocutione
1152 1258 1458 1317 remotiora
1485 1268 1697 1326 essent,
1739 1275 1874 1335 quae
1917 1266 2107 1316 tamen
2155 1274 2265 1333 pro
2304 1253 2522 1333 apertis
2547 1263 2610 1314 et

402 1353 681 1429 expositis
743 1354 802 1414 in
859 1355 1163 1415 bominum
1207 1355 1545 1433 opinionem
1589 1363 1832 1433 recepta
1880 1351 2158 1413 fuissent:
2220 1362 2501 1431 praeterea
2545 1371 2609 1410 se

404 1449 653 1511 subinde
699 1470 817 1511 uon
855 1453 978 1512 siue
1007 1451 1232 1513 ratione
1258 1453 1334 1512 ab
1363 1453 1604 1514 aliorum
1635 1451 2108 1530 interpretatione
2134 1450 2464 1510 discessisse
2489 1471 2505 1518 ;
2549 1457 2612 1507 et

403 1542 655 1624 denique
681 1546 757 1607 de
783 1547 850 1608 iis
877 1549 1044 1619 locis,
1087 1568 1222 1627 quae
1268 1549 1464 1609 adhuc
1511 1549 1571 1608 iu
1615 1547 2040 1626 disceptatione
2070 1555 2387 1617 versentur,
2437 1564 2499 1604 se
2526 1544 2611 1604 ita

404 1640 750 1719 disputasse,
800 1654 867 1705 ut
906 1645 1077 1705 labor
1123 1665 1263 1705 suns
1304 1655 1367 1706 et
1410 1644 1813 1723 ignorantibus
1842 1643 1997 1702 utilis
2023 1642 2100 1701 sit
2128 1642 2378 1712 futurus,
2421 1651 2484 1701 et
2519 1639 2606 1710 iis,

406 1739 519 1815 qui.
536 1740 743 1804 eadem
775 1742 1034 1804 babeant
1060 1742 1310 1821 cognita,
1354 1741 1594 1820 probari
1621 1738 1848 1819 possit!
1929 1738 2242 1800 Enimvero

726 1887 887 1957 Quid
916 1887 1158 1966 dignum
1190 1896 1355 1947 tanto
1382 1886 1517 1946 tulit
1544 1885 1638 1945 hic
1668 1885 1987 1965 promissor
2017 1884 2225 1944 hiatui

719 1984 1056 2046 Parturiuut
1085 1994 1350 2045 montes:
1394 1994 1663 2043 nascetur
1688 1983 1969 2042 ridiculus
2000 2003 2145 2042 mus.

405 2141 568 2204 Pleni
615 2155 776 2207 certe
821 2158 958 2209 sunt
1003 2150 1408 2209 commentarii
1454 2150 1585 2226 ejus
1630 2147 1842 2227 ineptis
1882 2145 2196 2217 erroribus,
2240 2141 2611 2222 etymologiis

404 2248 466 2298 et
492 2242 751 2319 argutiis,
793 2244 969 2304 etiam
996 2244 1054 2304 in
1084 2245 1395 2305 novissima
1423 2265 1623 2305 eorum
1643 2244 1977 2304 recensione
2005 2241 2394 2311 Henniniana,
2436 2238 2612 2315 cujus

404 2337 597 2397 editor
643 2342 825 2399 multa
873 2349 1067 2401 tamen
1110 2341 1189 2401 ab
1216 2361 1289 2401 eo
1319 2359 1622 2420 perperam
1649 2342 1739 2400 vel
1768 2349 1984 2418 praeter
2008 2357 2132 2398 rem
2161 2337 2320 2397 dicta
2343 2333 2611 2394 resecuit.

407 2435 582 2512 Saepe
626 2436 839 2497 refellit
875 2438 1122 2499 aliorum
1149 2439 1593 2517 explicationes,
1623 2458 1731 2498 nec
1758 2436 2025 2496 meliores
2054 2433 2377 2496 substituit.
2461 2430 2612 2491 Inde

407 2531 662 2611 colligas,
695 2534 824 2613 jam
870 2545 997 2596 tum
1042 2536 1320 2615 temporis
1368 2537 1585 2596 multos
1614 2535 1892 2606 extitisse,
1936 2534 2038 2613 qui
2064 2532 2410 2593 Juvenalem
2438 2528 2614 2588 inter-

406 2628 626 2705 pretari
650 2639 1023 2704 conarentur,
1067 2631 1231 2712 quod
1274 2633 1446 2693 etiam
1476 2653 1551 2692 ex
1578 2632 1775 2693 verbis
1802 2630 2066 2700 Domitii,
2112 2628 2292 2689 modo
2318 2625 2610 2703 ascriptis,

407 2724 784 2807 intelligitur:
826 2730 937 2789 nisi
964 2730 1164 2810 potius
1194 2730 1321 2790 hzec
1349 2729 1721 2807 potissimum
1749 2727 1828 2788 ad
1857 2728 2108 2788 Glossas
2138 2724 2612 2784 membranarum

408 2832 694 2900 spectant,
735 2846 770 2886 e
798 2828 1014 2906 quibus
1042 2837 1164 2888 tam
1194 2828 1546 2899 Domitium,
1586 2845 1760 2905 quam
1790 2824 2213 2887 Mancinellum
2241 2832 2303 2883 et
2329 2820 2618 2882 Britanni·

409 2939 568 2994 cum,
610 2923 793 2983 multa
840 2926 1020 2985 tacite
1065 2925 1363 3005 descripta
1406 2925 1469 2985 in
1515 2945 1636 2985 rem
1680 2943 1844 2985 suam
1894 2920 2268 2991 convertisse,
2310 2939 2384 2979 ex
2415 2937 2524 2977 usn
2553 2925 2615 2977 et

409 3017 654 3079 lectione
680 3041 880 3082 earum
908 3024 1177 3102 cognovi.
1264 3023 1627 3085 Nominatim
1654 3041 1792 3082 vero
1820 3019 2034 3099 passim
2081 3015 2357 3078 refutavit
2383 3012 2620 3075 Tortel·

406 3113 569 3187 lium,
612 3125 674 3176 et
714 3118 774 3177 iu
815 3119 1019 3198 primis
1067 3120 1367 3198 Angelum
1397 3120 1680 3180 Sabinum
1705 3119 2080 3187 Turrensem,
2121 3116 2183 3174 in
2233 3132 2410 3193 quem
2453 3130 2618 3172 acer·

408 3210 555 3272 rime
581 3231 1002 3295 nonuunquam
1046 3216 1357 3288 invehitur,
1402 3227 1470 3278 nt
1509 3217 1570 3276 in
1615 3217 1746 3295 ejus
1792 3221 2219 3293 praeeeptorem
2255 3210 2314 3270 in
2343 3207 2616 3288 singulari

411 3308 633 3382 libello,
674 3312 1121 3374 Commentariis
1171 3313 1455 3385 subnexo,
1499 3314 1597 3373 cni
1624 3311 1824 3373 titulus
1844 3320 1970 3370 est:
2018 3307 2308 3388 Defensio
2337 3306 2615 3367 Moeram

411 3405 748 3468 Erotium·
799 3410 1258 3471 Grammaticum
1301 3411 1407 3488 (ita
1453 3430 1589 3470 eum
1635 3408 1930 3487 appellare
1977 3407 2149 3478 solet,
2213 3413 2280 3464 ut
2327 3402 2614 3464 Sabinum

413 3502 812 3577 Fida-tim,
856 3527 994 3567 usus
1021 3508 1273 3578 nomine,
1299 3526 1420 3586 quo
1450 3505 1736 3566 Martialis
1765 3501 2059 3582 quendam
2080 3521 2346 3562 versuum
2373 3519 2617 3559 suorum

409 3600 755 3680 plagiarium
804 3603 1092 3681 traduxit)
1158 3605 1637 3666 calumniatorem
1693 3602 2249 3664 Commentariorum
2298 3597 2617 3661 Martialis

410 3716 543 3760 cna·
579 3704 1072 3765 nmatione.
1155 3704 1308 3766 Usus
1355 3702 1531 3764 etiam
1573 3711 1666 3763 est
1706 3699 2019 3761 codicibus
2064 3698 2318 3778 scriptis,
2360 3714 2614 3777 quorum

411 3807 610 3858 tamen
658 3820 851 3879 neque
896 3820 1220 3873 numerum,
1262 3819 1457 3878 neque
1484 3798 1735 3858 indolem
1766 3795 2124 3856 declaravit:
2164 3803 2347 3874 atque
2374 3791 2614 3852 omuino

412 3895 619 3956 melius
666 3898 972 3958 meruisset
1019 3899 1097 3959 de
1134 3897 1335 3971 literis,
1376 3897 1489 3957 nisi
1526 3904 1878 3976 praematura
1906 3892 2157 3953 nominis
2182 3889 2510 3962 celebritas,
2552 3898 2617 3949 et

413 3989 614 4065 nimia,
654 3991 793 4053 inde
818 4003 976 4067 nata,
1018 4005 1143 4055 tum
1188 3993 1464 4076 superbia
1507 4003 1568 4054 et
1591 3991 1829 4063 invidia,
1873 3999 1999 4052 tum
2025 3988 2318 4050 &stinatio
2343 3994 2406 4047 et
2433 3985 2616 4046 multa

415 4088 711 4150 scribendi
758 4091 982 4171 cupido
1029 4091 1236 4152 studiis
1274 4090 1405 4170 ejus
1449 4089 1768 4163 offecisset,
1809 4098 1870 4150 et
1917 4087 2080 4168 prius
2127 4093 2396 4146 mortuus
2439 4091 2613 4155 esset,

415 4205 597 4265 qnam
636 4206 876 4267 praecox
918 4187 1048 4268 ejus
1095 4187 1389 4269 ingenium
1434 4185 1515 4247 ad
1551 4187 1776 4267 justam
1801 4183 2156 4266 pervenisset
2193 4179 2612 4242 maturitatem.

416 4284 604 4347 Recte
624 4283 705 4346 de
727 4304 799 4346 eo
824 4283 1082 4348 Coccius
1108 4286 1249 4348 loco
1274 4301 1451 4365 supra
1474 4284 1718 4347 laudato
1735 4281 2027 4362 judicavit
2049 4302 2066 4345 ε
2110 4286 2128 4316 ⁴
2150 4280 2288 4340 Non
2319 4297 2408 4339 me
2438 4275 2607 4357 sugit,
