2992 4859
1113 395 1362 448 mensu
1452 395 1612 445 SAT.
1660 397 1711 446 1.

277 537 780 600 uniunt—Quantum,
814 538 918 604 lym]
964 538 1205 589 Groecum
1243 544 1345 601 est,

275 612 478 663 ὅσοντὸ
496 612 644 664 κενόν.
688 614 795 664 Vee.
837 614 1068 664 Solle-0
1106 619 1345 679 quantam,

277 691 394 755 ξω]
440 690 505 740 Id
530 700 625 755 est,
651 694 857 745 Quanta
887 692 1105 755 vanitas,
1127 693 1349 742 stultitia

279 774 337 818 et
360 767 570 819 cecitas
593 777 673 818 est
698 770 750 818 in
773 769 926 820 rebus
948 770 1180 819 humanis
1199 772 1210 818 !
1249 771 1346 820 Est

278 850 453 893 autem
493 844 644 907 plane
678 844 922 895 Graecum
958 843 1072 894 ὅσον
1104 844 1164 892 τὸ
1194 845 1344 894 κενόν.

278 922 474 970 Verum
500 935 594 984 per
629 921 769 971 inane
804 924 901 971 hoc
933 921 1048 971 loco
1081 922 1347 984 iutelligit,

281 1010 460 1056 vanos,
479 998 665 1047 stultos
688 1004 743 1046 et
761 998 1058 1047 ambitiosos
1073 1004 1129 1047 et
1145 995 1349 1058 κενοδύξ·

276 1089 376 1134 ους,
419 1072 474 1122 id
516 1079 617 1135 est,
664 1072 842 1122 Inanis
889 1073 1066 1137 glorias
1110 1073 1346 1138 cupidos.

278 1149 382 1199 Vel
416 1150 515 1201 boc
536 1164 599 1198 eo
628 1156 853 1214 spectat,
876 1152 995 1215 quia
1016 1151 1246 1200 homines
1265 1163 1348 1198 res

277 1226 395 1276 illas
418 1232 700 1288 sectantur,
721 1225 825 1275 tine
846 1227 1003 1275 inani.
1041 1226 1242 1275 Cumb.

348 1306 382 1352 2
418 1301 682 1365 Quina-m]
717 1302 874 1351 Hunc
898 1315 1102 1351 versum
1123 1302 1187 1351 de
1201 1301 1353 1351 Luci-

278 1378 337 1427 lii
361 1378 530 1442 primo
552 1378 835 1428 transtulit.
894 1378 1000 1427 Vet.
1023 1377 1349 1439 &ck—Quis,

278 1453 388 1516 qma]
424 1453 556 1503 Hoec
570 1466 697 1517 ergo
719 1452 908 1502 verba:
937 1452 1062 1509 Quis
1077 1454 1202 1516 leget
1217 1450 1352 1503 hac?

278 1535 404 1577 sunt
445 1529 596 1577 amici
638 1543 728 1578 sen
779 1529 1042 1579 monitoris
1079 1529 1350 1593 eujusdam

281 1604 466 1654 Persio
484 1603 836 1669 praedicentis,
854 1604 990 1669 qued
1008 1619 1203 1668 paucos
1222 1606 1348 1655 Lec-

281 1686 424 1730 tores
446 1679 517 1729 sit
551 1679 835 1729 habiturus.
900 1679 1062 1732 Quasi
1084 1680 1228 1731 dicat
1244 1697 1350 1731 mo-

281 1755 425 1804 nitor
449 1771 464 1802 t
497 1755 750 1806 Quisnam
778 1756 877 1805 Itoec
907 1762 1015 1815 tna,
1051 1758 1184 1807 hanc
1207 1763 1352 1807 tuam

281 1830 523 1894 Satyrum
561 1831 825 1894 supercilii
883 1837 938 1881 et
976 1847 1209 1883 censurae
1241 1833 1350 1896 ple-

277 1920 420 1970 nam,
441 1906 550 1956 lnoc‘
563 1912 821 1956 austerum
844 1913 987 1957 tuum
1013 1907 1223 1971 Polima,
1245 1922 1347 1972 quo

282 1992 344 2033 tu
385 1982 515 2032 vitia
552 1983 900 2032 Romanorum
950 1988 1117 2044 taxas,
1161 1983 1348 2046 leget?

283 2050 618 2124 —Hia’,q·c.]
646 2058 826 2108 Verba
845 2065 962 2108 sunt
982 2057 1172 2121 Persii,
1194 2058 1348 2107 amici

282 2133 555 2184 monitoris
597 2146 728 2183 voce
756 2133 898 2197 quasi
931 2133 1143 2183 attoniti
1173 2137 1240 2183 et‘
1258 2133 1348 2182 οἱ)-

284 2207 588 2274 stupefacti.
657 2208 865 2259 Ironice
927 2214 1100 2258 autem
1155 2223 1211 2258 se
1278 2208 1354 2258 ob

285 2282 340 2334 id
378 2282 677 2348 perturbari
702 2283 931 2346 simulat,
968 2282 1105 2347 quod
1127 2284 1356 2334 lectores

285 2370 388 2407 non
412 2359 481 2407 sit
519 2356 807 2417 habiturus,
839 2354 905 2407 e'x
943 2373 1086 2408 more
1107 2373 1349 2409 vanorum

287 2434 603 2498 reliquorum
646 2434 1203 2499 Poetarum-Nemo,
1247 2436 1356 2500 lfa]

287 2509 594 2572 Respondet
626 2509 819 2560 amicus
849 2510 1090 2572 monitor,
1127 2516 1181 2559 et
1213 2511 1352 2575 quod

285 2585 523 2649 superius
544 2584 768 2650 dixerat,
796 2587 1052 2635 neminem
1078 2586 1243 2636 Persii
1264 2587 1354 2635 Sa-

288 2669 429 2724 tyrus
461 2661 737 2725 lecturum,
766 2663 877 2725 jun
905 2663 1200 2726 juramento
1221 2664 1354 2713 ulte·

289 2738 400 2787 rius
437 2737 729 2787 coufirmat.
821 2739 984 2790 Quasi
1040 2737 1210 2788 dicat:
1267 2738 1354 2788 Ita

287 2812 520 2865 Hercule
562 2810 792 2862 futurum
838 2821 940 2875 est,
984 2812 1152 2873 Persi,
1203 2826 1354 2862 nemo

289 2888 404 2938 hnc
443 2894 536 2937 tna
575 2889 772 2952 scripta
819 2888 1009 2939 tetrica
1040 2902 1354 2954 magnopere

290 2966 514 3026 curabit.
546 2965 720 3016 lubin.

355 3045 388 3092 8
429 3043 526 3104 Vel,
540 3040 646 3107 esa]
679 3044 934 3096 Quoniam
975 3044 1168 3094 amicus
1190 3045 1353 3093 moni-

287 3124 376 3167 tor
397 3119 635 3168 Persium
660 3125 934 3184 tantopere
967 3120 1257 3184 perturbari
1280 3120 1354 3169 vi-

290 3190 403 3257 det,
421 3194 559 3259 quod
578 3196 830 3244 neminem
849 3211 907 3245 se
922 3196 1354 3247 lectoreminveu-

290 3275 466 3318 turum
506 3269 714 3335 dixerit,
742 3272 854 3335 jam
881 3273 934 3321 in
956 3272 1356 3322 consolationem

293 3346 457 3410 quasi.
479 3344 609 3396 duos
644 3353 737 3398 aut
779 3347 845 3397 ad
879 3362 1131 3397 summum
1166 3354 1275 3397 tres
1307 3347 1356 3396 ei

289 3421 549 3486 indulget.
616 3422 720 3471 Sed
759 3428 952 3473 aucter-
973 3436 1040 3472 ex
1079 3422 1356 3486 indignati-

293 3511 391 3548 one
415 3497 652 3561 Satyrica
674 3497 932 3560 simulata,
960 3498 1059 3547 boc
1082 3497 1360 3546 interrum-

289 3572 393 3636 pit,
435 3578 494 3621 ut
533 3571 760 3621 monitor
795 3571 922 3622 illud
956 3572 1172 3622 verbum
1199 3570 1359 3637 (tres)

292 3646 466 3711 eloqui
508 3660 609 3696 non
651 3646 1171 3711 potuerit.--·Nemo]
1239 3647 1357 3696 Hoc

292 3725 525 3788 tertium,
551 3725 719 3787 Nemo,
740 3724 911 3774 Persii
950 3731 1047 3787 est,
1078 3739 1180 3790 quo
1201 3724 1360 3774 moni-

289 3801 424 3852 toris
449 3800 610 3850 uerba
642 3800 867 3850 maxima
897 3800 1052 3849 animi
1093 3799 1358 3849 commoti·

292 3891 394 3927 oue
429 3875 784 3941 perturbatus,
828 3875 970 3940 quasi
1008 3874 1358 3939 interrumpit.

293 3953 425 4003 Post
458 3953 534 4001 vel
571 3952 731 4016 igitur
765 3958 1011 4016 punctum
1033 3951 1357 4000 inserendum

293 4042 408 4079 esse
447 4028 561 4079 vult
603 4027 851 4077 Lubinus.
939 4027 1004 4075 In
1052 4025 1358 4075 membranis

294 4102 603 4167 casauboni,
639 4110 780 4152 totus
815 4101 1020 4168 quidem
1055 4115 1233 4150 versus
1255 4114 1359 4149 mo-

289 4178 450 4231 nitori
471 4179 735 4242 tribuitur,
765 4179 950 4228 ultima
969 4190 1096 4227 voce
1116 4183 1355 4243 excepta.

282 4256 544 4325 ,-··1b·pe3‚
556 4256 669 4321 ξφ]
713 4256 843 4306 N-on
858 4254 1041 4305 Persio
1061 4252 1357 4304 adscriben·

2351 383 2480 449 195

1419 538 1486 588 da'
1506 537 1629 589 hoec'
1643 544 1763 590 sunt
1783 553 1900 590 eum
1924 540 2079 604 vulgo
2100 539 2443 605 interpretum
2460 558 2497 596 ε’
2546 574 2565 589 .

1420 615 1513 665 sed
1537 617 1650 680 ejus
1671 615 1930 681 familiari,
1948 632 2038 667 seu
2061 618 2320 677 monitori,
2340 633 2479 669 men-

1421 698 1527 741 tem
1549 707 1693 742 suam
1717 694 1917 757 plenius
1930 693 2479 758 explicatum—Ture,

1416 768 1522 832 qua]
1575 769 1723 832 Ideo,
1746 784 1847 818 non
1871 771 1992 834 quia
2011 771 2199 820 nemini
2216 771 2285 820 sit
2305 769 2481 834 profu·

1419 851 1566 893 turus
1606 845 1777 894 Persii
1811 845 1976 908 labor,
2008 860 2184 899 verum
2219 847 2339 912 quia
2369 849 2483 897 nul·

1420 918 1522 967 lam
1545 920 1745 969 auctori
1783 919 2000 982 gratiam
2037 928 2128 970 aut
2162 921 2376 985 gloriam
2409 923 2481 972 sit

1420 994 1686 1044 allaturus.
1750 994 1886 1044 lllud
1926 996 2068 1058 prius
2087 996 2483 1062 sapientempo·

1422 1076 1558 1119 terat
1579 1084 1811 1120 movere:
1844 1072 1942 1120 lsoc
1978 1072 2233 1135 posterius
2248 1072 2371 1135 jure
2392 1088 2481 1122 ex·

1423 1145 1651 1209 ploditur
1677 1162 1708 1195 u
1729 1146 2183 1210 Persio.—Quure]
2215 1149 2357 1201 Quid
2377 1155 2480 1213 est,

1422 1224 1591 1288 iuquit
1626 1224 1854 1288 Persius,
1893 1240 1986 1274 cur
2023 1232 2177 1289 turpe
2199 1234 2255 1276 et
2276 1226 2481 1277 misera·

1425 1298 1527 1347 bile
1561 1300 1887 1363 pronuncies,
1925 1301 1969 1350 si
2009 1301 2224 1365 Satyrus
2256 1302 2479 1352 scribam

1423 1388 1552 1438 quas
1590 1388 1739 1424 nemo
1782 1376 1851 1425 sit
1894 1377 2155 1427 lecturus?
2199 1391 2385 1441 nempe
2406 1378 2483 1429 ita

1411 1450 1635 1515 judicas,
1657 1451 1723 1499 de
1755 1451 2135 1503 existimatione
2160 1466 2276 1502 mea
2305 1460 2479 1503 aetum

1423 1540 1536 1576 esse
1558 1532 1615 1576 et
1652 1526 1894 1590 fortunis,
1928 1528 1973 1577 si
2008 1528 2257 1591 pessimus
2274 1529 2507 1579 audiam.

1421 1602 1725 1666 Poetarum,
1757 1610 1812 1652 et
1847 1602 2050 1653 libellos
2089 1617 2230 1653 meos
2251 1605 2332 1653 vel
2352 1603 2484 1654 Poe·

1420 1679 1572 1728 matis
1618 1679 1894 1741 Labeonis,
1935 1693 2087 1743 quem
2128 1680 2256 1745 legit
2311 1694 2481 1744 nemo,

1421 1762 1741 1819 postponant
1800 1755 1944 1805 Nero
2000 1762 2056 1804 et
2089 1755 2175 1804 alii
2215 1770 2477 1818 proceres.

1424 1834 1881 1898 Casuum—Quare]
1936 1830 2165 1883 Lubiuus
2218 1833 2329 1882 vult
2382 1831 2481 1883 boc

1421 1924 1535 1960 esse
1555 1911 1769 1962 verbum
1784 1910 1932 1959 amici
1952 1906 2234 1968 monitoris,
2246 1907 2483 1958 Persium

1421 1986 1569 2050 quasi
1590 1985 1923 2035 consolaturi.
1957 1983 2118 2038 Quasi
2143 1983 2284 2034 dicat
2304 1984 2322 2033 τ’
2346 1983 2483 2033 Nam

1420 2062 1538 2123 hoc,
1559 2076 1590 2110 o
1613 2061 1782 2124 Persi,
1803 2068 1956 2125 turpe
1979 2067 2034 2110 et
2055 2058 2345 2109 miserabile
2367 2071 2484 2108 esse

1421 2136 1570 2197 dicis,
1591 2144 1648 2187 et
1667 2141 1939 2200 tantopere
1956 2135 2254 2199 indignaris.

1485 2217 1519 2261 4
1552 2211 1833 2278 moenem]
1880 2211 2056 2261 Labeo
2079 2208 2344 2259 transtulit
2362 2206 2489 2259 Illa·-

1422 2288 1491 2338 da
1528 2297 1584 2339 et
1622 2289 1908 2353 Odyssean
1950 2287 2162 2341 verbum
2201 2300 2266 2334 ex
2300 2285 2485 2348 verbo,

1422 2362 1642 2413 ridicule
1657 2364 1800 2425 satis,
1816 2362 1951 2428 quod
1969 2362 2123 2412 verba
2141 2361 2313 2426 potius
2332 2373 2486 2426 quam

1424 2453 1625 2488 sensum
1647 2446 1856 2489 secutus
1879 2438 1966 2488 sit.
2007 2437 2141 2501 Ejus
2170 2442 2257 2486 est
2270 2436 2357 2485 ille
2373 2444 2489 2484 ver·

1425 2529 1542 2565 sus:
1580 2517 1594 2542 ‘
1617 2514 1845 2564 Crudum
1882 2513 2163 2562 manduces
2199 2511 2486 2574 Priamum,

1425 2589 1721 2654 Priamique
1764 2588 2036 2639 Pisinnos!
2092 2587 2197 2637 Vct.
2226 2582 2488 2636 &he-Ne

1423 2665 1568 2729 nilla]
1604 2666 1834 2715 Hocciue
1878 2665 2010 2715 adeo
2045 2663 2285 2713 miserum
2319 2669 2418 2724 est,
2441 2662 2491 2711 si

1427 2747 1486 2790 ut
1539 2741 1742 2790 Hector
1786 2741 2049 2805 quondam·
2081 2737 2382 2799 verebatur,
2420 2750 2497 2786 ne

1434 2814 1762 2879 Polydamas,
1794 2814 1866 2863 fil.
1900 2812 2196 2874 Antenoris,
2226 2810 2393 2861 Tro&
2432 2816 2496 2860 et·

1425 2890 1663 2954 Trojauae
1695 2890 1936 2939 mulieres
1972 2886 2323 2948 santelmus,
2355 2886 2491 2951 (Ho-

1425 2979 1555 3015 mer.
1580 2964 1728 3017 Iliad.
1756 2964 1841 3029 x.)
1870 2964 2038 3029 ipsum
2060 2964 2261 3013 Achille
2284 2961 2490 3012 inferio·

1427 3054 1536 3089 rem
1570 3046 1859 3103 censerent,
1897 3040 1940 3089 si
1984 3054 2051 3089 se·
2064 3038 2326 3103 reciperet
2354 3038 2492 3086 intra

1427 3129 1597 3165 muros
1620 3129 1743 3165 cum
1759 3114 1963 3165 caeteris
1982 3114 2213 3176 Trojanis
2237 3128 2252 3173 3
2286 3125 2382 3175 ego
2404 3111 2491 3161 itl-

1429 3191 1547 3241 dem
1572 3204 1794 3254 vererer,
1812 3204 1879 3240 ne
1903 3189 2043 3241 Nero
2063 3196 2118 3240 et
2136 3189 2316 3239 molles
2333 3194 2491 3253 atque

1430 3266 1560 3316 adeo
1582 3264 1877 3320 effeminati
1906 3265 2212 3329 Trojugenoe
2246 3263 2491 3328 pastule-

1427 3344 1538 3392 rint
1559 3342 1682 3391 mibi
1701 3342 1911 3392 Actium
1935 3342 2243 3405 Labeonem,
2260 3341 2347 3405 qui
2371 3340 2495 3390 nia-

1431 3417 1523 3468 dus
1542 3417 1757 3466 Homeri
1778 3418 1955 3480 inepte
1980 3417 2256 3467 transtulit.
2287 3416 2490 3466 Far-nob.

1430 3493 1807 3557 —Polydaemaq
1858 3493 1987 3541 Erat
2035 3491 2170 3541 filius
2205 3490 2493 3541 Antenoris

1430 3571 1648 3621 imbellis
1670 3578 1725 3620 et
1748 3571 1975 3633 ignavus.
2041 3569 2147 3618 Per
2187 3569 2322 3617 hunc
2346 3574 2491 3618 reete

1431 3656 1486 3698 et
1508 3647 1784 3710 allegorice
1804 3647 2063 3696 Neronem
2079 3643 2343 3706 intelligit.
2397 3643 2496 3692 Lu·

1431 3721 1842 3785 blm—Madet]
1909 3720 2044 3769 Sunt
2086 3719 2327 3769 mulieres
2370 3719 2496 3769 Tro·

1424 3801 1584 3865 janae,
1604 3798 1840 3861 satyrice
1865 3811 1957 3862 pro
1979 3798 2226 3861 Trojunls.
2301 3796 2495 3847 Home·

1432 3891 1521 3926 rus
1542 3875 1846 3939 simpliciter
1865 3876 2015 3938 Τρὸες
2035 3873 2112 3923 ecel
2131 3870 2356 3937 Τροόδσς,
2377 3886 2495 3922 sex-

1431 3967 1490 4001 us
1512 3958 1762 4016 uterquet
1797 3951 1887 4000 sed
1922 3951 2193 4000 mollitiem
2236 3948 2494 3998 Romanu-

1432 4041 1544 4076 rum
1567 4027 1738 4076 obiter
1753 4025 1924 4089 carpit
1944 4025 2171 4075 Persius.
2208 4022 2407 4072 emb.

1496 4107 1526 4151 6
1562 4100 1748 4165 Nega]
1778 4102 1972 4165 Rajicit
1994 4100 2205 4150 Persius
2227 4097 2404 4146 datum
2427 4097 2499 4146 sl·

1431 4178 1486 4230 bi
1539 4179 1827 4239 consilium,
1869 4184 1925 4227 et
1962 4189 2187 4226 eausam·
2209 4171 2492 4236 subjungit.

1431 4254 1608 4319 Erras,
1631 4253 1814 4319 iuquit,
1836 4252 1880 4302 si
1901 4251 1955 4301 iu
1976 4247 2313 4305 aestimuione
2337 4246 2494 4298 bono·
