2992 4859
444 355 623 429 1250
656 346 665 353 ’
1115 371 1262 422 nso
1274 367 1506 423 susus
1554 365 1985 422 emmenum

529 524 628 595 At
656 515 949 612 quidem,
976 529 1053 590 ut
1095 522 1169 590 in
1213 522 1357 591 vita
1390 524 1757 603 hominum,
1786 523 1907 590 ubi
1953 542 2062 589 res
2103 519 2176 587 iu
2199 522 2398 608 pejus
2422 528 2650 603 ruunt,

441 630 543 696 ibi
570 628 858 714 operarii
881 627 1095 692 solent
1120 646 1321 710 opem
1368 628 1675 692 solertius
1701 633 1768 692 et
1795 627 2125 711 promtius
2154 626 2412 705 offerre,
2441 626 2545 692 sic
2571 627 2648 692 in

434 731 776 818 praesenti.
861 729 909 795 J
909 730 1177 795 uvenali
1212 729 1469 795 fuerant
1518 735 2066 796 commentatores
2112 749 2346 813 parum
2391 729 2643 809 felices,

437 835 550 902 vel
591 832 889 899 materioe
934 851 1009 897 se
1051 831 1657 911 accommodantes,
1702 833 1809 899 vel
1837 831 1924 896 ad
1952 851 2090 896 rem
2127 830 2352 896 forsan
2382 832 2646 914 parati3

437 941 508 1003 et
553 933 821 1001 codices
867 934 1028 999 boni
1081 939 1235 999 sunt
1281 934 1439 1011 rari,
1467 935 1670 998 immo
1707 933 2071 1014 rarissimi3
2118 953 2252 998 non
2279 939 2499 998 tamen
2526 932 2645 997 de-

431 1037 696 1105 fuerunt
722 1037 839 1122 qui
863 1035 1186 1101 editiones
1227 1042 1486 1102 veteres
1536 1043 1607 1102 et
1649 1036 1918 1102 codices
1962 1041 2226 1101 exteros
2271 1035 2646 1119 descripse-

432 1140 585 1206 rint.
673 1139 1027 1205 Fabricius
1054 1145 1122 1204 et
1152 1137 1524 1203 Ernestius²
1552 1137 1950 1205 editionibus
1977 1157 2111 1203 non
2137 1138 2496 1215 luxuriant,
2524 1137 2645 1203 sed

432 1261 561 1309 nec
599 1246 758 1308 sunt
802 1241 1010 1324 aridi3
1055 1242 1261 1306 multa
1285 1246 1353 1305 et
1379 1242 1707 1325 praeclara
1731 1240 2040 1306 dixerunt
2087 1240 2170 1305 de
2218 1238 2642 1319 editionibus,

433 1344 557 1410 etsi
584 1342 815 1428 quoad
859 1343 1127 1408 codices
1154 1361 1345 1425 paene
1385 1342 1663 1408 steriles.
1752 1341 1861 1407 De
1887 1341 2242 1408 codicibus
2285 1360 2455 1426 quos
2500 1340 2644 1405 edi·

432 1451 613 1513 tores
643 1446 911 1529 singuli,
936 1445 1023 1509 ad
1050 1464 1222 1530 opus
1242 1444 1588 1529 proprium
1611 1464 1685 1510 se
1715 1445 2152 1528 accingentes,
2169 1443 2643 1533 consuluerint,

430 1549 615 1615 nullo
662 1547 866 1614 modo
911 1546 1048 1631 ipsi
1088 1545 1305 1612 silent.
1390 1544 1640 1625 Quoad
1672 1545 2015 1625 editiones,
2049 1545 2526 1624 HarwooduS,³
2568 1552 2650 1614 ut

431 1671 581 1718 mos
624 1656 750 1730 est,
800 1669 1049 1740 parcus
1089 1653 1235 1731 est3
1291 1655 1359 1716 et
1385 1650 1616 1734 quoad
1656 1649 1704 1715 J
1705 1651 2077 1727 uvenalem,
2125 1649 2386 1733 parcior
2435 1667 2643 1734 quam

431 1753 571 1820 fieri
608 1741 805 1831 solet,
852 1752 1115 1838 parcior
1152 1771 1356 1837 quam
1382 1750 1754 1818 ostendisse
1796 1770 1872 1815 se
1915 1749 2164 1815 debuit.
2267 1747 2436 1814 Alii*
2479 1769 2643 1815 vero

429 1856 645 1922 critici
674 1861 743 1922 et
772 1854 1215 1939 bibliographi
1261 1854 1390 1919 hoc
1430 1852 1505 1918 in
1552 1852 1774 1918 Marte
1818 1870 1891 1916 se
1918 1852 2220 1934 praebent
2243 1851 2641 1934 alacriores;

428 1964 497 2025 et
545 1959 714 2025 inter
761 1958 1035 2043 primos,
1064 1955 1280 2024 editor
1304 1954 1756 2034 doctissimae,
1788 1953 2181 2040 Rupertius,
2209 1958 2347 2018 tam
2388 1953 2471 2018 de
2498 1952 2641 2018 edi-

424 2061 717 2129 tionibus
786 2079 991 2145 quam
1060 2058 1144 2123 de
1216 2056 1568 2124 codicibus
1639 2058 1910 2135 exteris,
1996 2058 2226 2135 multa,
2310 2076 2355 2120 a
2437 2055 2637 2122 nobis

422 2182 683 2241 recusa,
711 2163 1084 2247 nuperrime
1128 2160 1410 2245 perfecit
1452 2160 1733 2244 egregie.
1820 2158 2083 2240 Addas,
2114 2157 2323 2244 quod,
2360 2178 2452 2223 ex
2499 2178 2640 2242 quo

425 2270 725 2349 tempore
786 2263 999 2330 editio
1069 2262 1488 2348 Rupertiana
1539 2263 1811 2349 prodiit,
1881 2262 2219 2329 Dibdinus
2270 2268 2509 2340 noster,
2566 2261 2640 2326 in

425 2366 832 2451 argumentis
862 2367 946 2432 de
990 2366 1340 2434 Juvenalis
1382 2366 1808 2446 editionibus,
1851 2365 2086 2432 sedulo
2127 2365 2530 2450 feliciterque
2561 2382 2639 2430 se

423 2470 770 2534 exercuit.⁵

478 2572 643 2637 ‘Sed
682 2572 772 2638 ad
818 2592 922 2637 res
960 2577 1225 2640 nostras
1262 2590 1441 2636 nune
1478 2570 1851 2651 redeamus,
1879 2577 1947 2637 et
1967 2570 2252 2636 eundem
2280 2570 2636 2651 tramitem,

420 2694 623 2760 quem
645 2674 1036 2760 praecedens
1062 2674 1428 2753 RecensuS,
1457 2675 1818 2754 calcemus,
1864 2692 2130 2740 cursum
2164 2678 2642 2758 prosequentes

417 2778 537 2842 ubi
565 2776 805 2862 pedem
830 2776 1009 2842 sieut
1026 2774 1233 2841 editio
1262 2774 1700 2859 Rupertiana.

504 2878 651 2944 Vix
674 2899 850 2963 opus
878 2885 979 2945 est
1026 2880 1097 2944 in
1134 2879 1363 2943 limine
1402 2885 1935 2962 praemonstrare,
1963 2898 2120 2943 cum
2143 2881 2279 2942 tam
2306 2876 2636 2943 editiones

418 2981 758 3065 Mpressae
811 3001 1014 3065 quam
1056 2982 1333 3047 codices
1377 2981 1724 3048 Juvenalis
1757 2986 1827 3047 et
1854 2981 2073 3060 Persii
2120 2999 2309 3065 saepe
2353 2981 2634 3066 conjun-

412 3087 675 3162 gantur,
703 3101 894 3166 saepe
939 3089 1341 3167 separentur,
1391 3104 1518 3151 nos
1544 3085 1747 3151 etiam
1777 3084 1981 3149 simili
2004 3083 2204 3148 modo
2229 3101 2350 3148 eos
2380 3087 2632 3148 tracta-

413 3190 619 3252 turos.
730 3184 871 3251 Ubi
926 3188 1338 3271 conjunctim
1418 3188 1671 3254 inventi
1723 3187 1990 3266 fuerint,
2033 3206 2166 3251 -eos
2219 3185 2630 3269 conjunctim

417 3285 912 3370 describemus3
996 3291 1114 3355 ubi
1174 3291 1560 3376 separatim,
1616 3311 1733 3357 eos
1803 3290 2162 3374 separatim
2227 3289 2628 3354 notabimus.

413 3387 858 3455 Occasionem
905 3391 1049 3457 hoc.
1073 3393 1434 3477 requirere,
1481 3394 1790 3457 omnibus
1834 3392 2115 3476 patebit.
2219 3389 2415 3454 Prius
2464 3409 2627 3455 vero

411 3510 617 3576 quam
659 3493 1008 3572 editiones,
1054 3500 1212 3578 post
1256 3496 1710 3560 recensionem
1759 3495 2159 3580 praedictam
2207 3492 2511 3557 conditas
2558 3497 2629 3557 et

316 3671 323 3676 .
407 3593 741 3678 vulgatas,
793 3596 1313 3675 consideremuS,
1372 3599 1496 3662 abs
1554 3617 1626 3661 re
1679 3597 1909 3662 forsan
1966 3616 2104 3661 non
2157 3596 2443 3661 alienum
2500 3593 2630 3660 erit

1408 3768 1625 3820 NOTAE

469 3885 505 3931 2
549 3881 638 3934 Jo.
681 3879 891 3933 Alberti
933 3881 1159 3933 Fabricii
1222 3882 1472 3935 Biblioth.
1617 3887 1650 3934 4
1697 3882 2018 3946 Maittarius,
2069 3883 2156 3932 De
2199 3880 2405 3945 Buriun,
2441 3879 2627 3932 Audir-

409 3959 526 4009 Μ.
549 3973 679 4008 eura
700 3959 949 4024 Ernestii,
971 3961 1111 4024 Lips.
1137 3963 1284 4011 1⁷⁷8.
1552 3959 1707 4022 fredi,
1733 3961 2017 4024 Panzerm,
2037 3966 2094 4010 et
2117 3959 2222 4009 alii.

466 4039 502 4084 ⁸
535 4034 585 4085 A
619 4035 769 4085 View
800 4035 862 4086 of
890 4037 979 4087 the
1016 4038 1221 4087 various
1244 4036 1470 4088 editions
1613 4043 1644 4087 ⁶
1681 4037 2050 4088 Introduction
2093 4042 2148 4086 to
2183 4035 2270 4084 the
2309 4034 2620 4101 knowledge

403 4109 469 4161 of
502 4111 591 4161 the
634 4112 815 4163 Greek
850 4113 951 4162 and
988 4114 1189 4164 Roman
1228 4113 1468 4179 Classica,
1549 4114 1613 4165 of
1627 4131 1744 4166 rare
1765 4115 1867 4166 and
1908 4115 2144 4166 vuluable
2180 4114 2406 4165 editions
2433 4113 2498 4165 of
2526 4116 2621 4166 the

399 4186 554 4315 {¹21ss
558 4188 829 4313 ‘Remuria
867 4188 939 4254 by
983 4189 1133 4240 Edw.
1187 4189 1469 4257 Hsrwood‚
1548 4191 1854 4322 (ἐὲῗκθὲιιᾱ
1883 4193 2088 4243 Romm
2103 4190 2356 4243 Classica.
2376 4190 2621 4244 Loudon.
