2992 4859
1192 331 1642 384 summus.
1699 383 1706 390 ,
2147 365 2156 374 -
2342 319 2514 390 12ae

309 489 529 557 gerent.
617 480 753 549 Qua
795 479 1013 538 ratione
1036 477 1140 540 etsi
1186 497 1392 557 parum
1435 477 1780 564 proficitnr3
1777 479 1911 538 nisi
1954 487 2075 540 tum
2116 479 2194 540 ab
2225 479 2352 540 aliis
2382 482 2515 558 jam

313 579 506 636 omnia
535 578 683 637 satis
712 577 1000 637 illustrata
1028 587 1186 648 sunt,
1226 576 1485 674 nihilque
1515 577 1874 655 praeteritum
1901 587 2016 654 est,
2059 578 2218 656 quod
2251 580 2385 639 luce
2413 579 2521 638 ali-

314 694 426 752 qua
455 673 734 753 indigeat,
776 684 901 734 tum
929 674 1234 782 aptissima
1263 683 1493 734 tantum
1520 683 1583 734 et
1610 674 1817 733 ceteris
1853 675 2252 756 probabiliora
2279 676 2521 736 solerter

314 792 382 831 ex
412 770 480 829 iis
504 779 923 849 excerpuntur,
955 790 1066 830 non
1097 770 1313 834 mirum
1337 779 1530 846 tamen
1557 778 1670 842 est,
1699 790 1828 830 eam
1858 770 2049 829 multis
2076 770 2350 842 arrisisse,
2379 789 2518 834 cnm

317 877 618 945 tantopere
642 867 973 927 blandiatur
999 879 1061 928 et
1087 867 1353 938 desidiae,
1380 876 1442 928 ct
1470 867 1628 930 inani
1651 866 1825 926 famoe
1845 866 2127 945 cupidini,
2159 888 2294 947 quoe
2319 868 2519 930 alienis

317 963 547 1041 gloriari
592 963 763 1023 bonis
816 963 1140 1042 alienisque
1178 963 1387 1042 pennis
1432 983 1498 1038 se
1537 982 1820 1023 exornare
1861 974 2045 1024 amat.
2091 964 2522 1043 -Cupidissime

319 1061 469 1121 illam
515 1080 641 1139 prae
682 1062 893 1121 ceteris
935 1061 1234 1141 arripuere
1262 1061 1488 1131 Batavi,
1540 1060 1642 1139 qui
1668 1059 1933 1130 eandem,
1977 1080 2082 1139 per
2109 1081 2173 1121 se
2209 1063 2336 1139 jam
2382 1062 2522 1123 satis

319 1157 695 1218 commodam
740 1177 812 1218 ac
854 1156 1109 1228 facilem,
1155 1157 1342 1217 multo
1371 1176 1611 1236 quoque
1652 1155 2076 1232 expeditiorem
2116 1158 2521 1234 reddiderunt,

322 1255 553 1315 invecto
574 1274 737 1314 more
760 1257 1084 1315 Auctorum
1106 1254 1477 1315 classicorum
1509 1254 1603 1314 vel
1622 1275 1756 1315 cum
1778 1255 2052 1315 omnibns
2075 1254 2193 1318 fere
2217 1257 2523 1318 Variorum

320 1352 515 1421 Notis,
546 1352 636 1410 vel
665 1371 799 1410 curn
822 1350 1059 1429 integris
1079 1351 1329 1411 virorum
1352 1351 1663 1410 doctorum
1686 1352 2118 1412 commentariis
2138 1352 2523 1415 edendorum.

324 1449 487 1508 Illam
517 1448 803 1506 rationem
844 1457 1079 1507 secutus
1107 1457 1199 1507 est
1239 1446 1608 1506 Schrevelius
1638 1446 1777 1507 inde
1819 1449 1896 1507 ab
1921 1467 1976 1528 a.
2015 1445 2189 1510 1648.
2219 1458 2527 1530 utramque

326 1565 461 1605 vero
520 1544 849 1604 Henninius
902 1563 960 1603 a.
1024 1541 1198 1603 1685.
1247 1544 1661 1623 compilatores
1685 1543 1882 1632 ‘nimis
1934 1544 2148 1616 seduli,
2202 1565 2277 1605 ne
2328 1547 2527 1608 dicam

326 1623 541 1722 ineptiJ
574 1642 633 1701 in
664 1661 912 1721 quorum
942 1639 1324 1710 editionibus,
1350 1659 1486 1719 quoe
1515 1639 1835 1718 superiores
1863 1642 2204 1720 interpretes
2230 1642 2306 1704 ad
2332 1645 2530 1723 singu-

328 1741 411 1801 las
440 1759 615 1800 voces
654 1742 1083 1816 sententiaeque
1126 1736 1500 1814 illustrandas
1541 1738 2013 1810 observaverant,
2061 1739 2236 1799 etiam
2281 1742 2540 1803 maxime·

327 1836 534 1907 aliena,
576 1847 806 1915 arguta,
850 1836 1129 1916 vulgaria,
1177 1844 1238 1896 et
1279 1834 1563 1906 absurda,
1611 1853 1805 1913 neque
1843 1836 2040 1907 semel,
2084 1836 2188 1896 sed
2238 1837 2453 1917 caspius
2499 1859 2540 1899 a

330 1934 600 2013 pluribus
640 1933 945 2011 verbisque
973 1941 1201 1994 tantum
1243 1931 1369 1991 aliis
1406 1941 1630 2003 notata,
1669 1932 1794 1994 sine
1836 1932 1958 1992 ullo
1998 1933 2172 1992 animi
2199 1934 2434 2011 judicio
2462 1955 2535 1997 ac

329 2031 563 2092 delectu
620 2029 923 2089 cumulata
969 2036 1145 2108 atque
1200 2038 1477 2108 congesta
1530 2038 1689 2101 sunt,
1752 2029 1972 2107 quibus
2024 2030 2214 2091 lector
2264 2040 2539 2092 oneratur

331 2128 533 2198 magis,
562 2146 739 2206 quam
764 2126 1102 2205 adjuvatur.

415 2224 655 2282 Saeculo
683 2221 937 2300 denique
966 2239 1178 2284 xvut.
1225 2242 1341 2282 non
1371 2242 1558 2283 novos
1582 2189 1766 2301 poeta
1806 2231 2019 2282 nactus
2045 2230 2137 2283 est
2175 2222 2550 2302 interpretes,-

333 2327 546 2398 praeter
586 2319 997 2396 Marshallum,
1036 2318 1251 2394 (Lond.
1299 2321 1503 2393 1723.)
1545 2318 1649 2397 qui
1693 2327 1917 2378 tantum
1965 2337 2082 2377 non
2113 2318 2324 2379 omnia
2362 2318 2544 2381 debet

335 2417 593 2488 Lubino,
621 2427 681 2478 et
709 2415 1001 2496 quosdam
1027 2416 1286 2477 eruditos
1317 2417 1562 2495 Anglos,
1592 2416 1791 2489 Italos,
1818 2425 1879 2476 et
1898 2417 2249 2486 Germanos,
2277 2415 2383 2495 qni
2414 2435 2546 2476 ver-

336 2513 602 2595 sionibus
632 2514 751 2575 suis
779 2516 1185 2578 annotationes
1214 2513 1619 2590 subjecerunt,
1649 2512 1708 2571 in
1736 2512 1955 2592 quibus
1983 2513 2163 2582 multa
2191 2512 2429 2591 quidem
2451 2511 2547 2573 in-

339 2619 478 2670 sunt
506 2610 685 2682 bona,
713 2610 814 2671 sed
845 2630 978 2689 qua}
1006 2630 1128 2682 non
1154 2609 1428 2670 omnibus
1453 2609 1734 2670 lectorum
1764 2610 2069 2682 desideriis
2091 2609 2236 2670 satis
2266 2609 2514 2671 faciunt.
2549 2653 2556 2663 .

419 2709 552 2768 Jam
583 2706 632 2765 si
657 2706 879 2777 omnia,
921 2726 1057 2785 quae
1083 2723 1119 2765 a
1147 2706 1318 2765 nobis
1346 2716 1407 2765 et
1434 2705 1770 2784 singulatim
1811 2717 1871 2767 et
1900 2707 2167 2767 universe
2194 2707 2358 2768 dicta
2386 2716 2542 2778 sunt,

340 2803 665 2881 collegeris,
689 2801 862 2863 facile
892 2802 1252 2881 intelligitur,
1283 2821 1460 2881 quam
1491 2821 1698 2880 parum
1720 2802 1917 2863 adhuc
1935 2802 2227 2864 editorum
2248 2804 2282 2863 J
2289 2803 2548 2865 uvenalis

340 2899 533 2964 studia
564 2913 686 2960 tnm
716 2899 771 2959 in
798 2897 1259 2960 emendationem
1287 2906 1618 2968 contextus,
1649 2908 1773 2958 tum
1805 2899 1860 2958 in
1889 2919 2179 2959 summam
2204 2900 2554 2978 interpreta-

342 2996 519 3058 tionis
559 2995 937 3074 profecerint,
983 3004 1045 3055 et
1084 3014 1261 3074 quam
1306 3013 1443 3054 vere
1483 2994 1699 3055 dixerit
1730 2994 2070 3056 Fabricius:
2111 2995 2195 3072 (in
2224 2997 2377 3056 Bibl.
2423 2997 2552 3056 Lat·

339 3093 421 3156 Τ.
454 3110 533 3154 ιι.
579 3112 643 3171 p.
673 3090 816 3155 362.
859 3092 1007 3152 edit.
1045 3093 1274 3151 Ernest.
1322 3090 1485 3169 Lips.
1535 3093 1735 3162 1773.)
1817 3091 2011 3152 ‘Cum
2053 3091 2331 3152 Henninii
2372 3092 2566 3157 editio,

345 3191 423 3254 s'u
451 3189 618 3250 nimis
659 3200 899 3250 onerata
927 3191 1103 3260 notis,
1152 3210 1262 3249 nec
1290 3187 1365 3249 ad
1400 3208 1566 3248 usum
1608 3188 1748 3248 satis
1788 3198 1949 3266 apta,
1989 3207 2133 3248 cum
2174 3188 2326 3249 adeo
2355 3188 2554 3249 multis

344 3287 492 3346 locis
523 3287 598 3350 sit
623 3286 1027 3365 quaerendum,
1069 3286 1115 3346 si
1149 3286 1298 3346 scire
1324 3286 1709 3364 interpretum
1738 3293 2056 3346 sententiaa
2083 3286 2244 3357 velis,
2286 3284 2556 3346 omnino·

346 3403 465 3464 qne
508 3383 767 3444 nondum
813 3382 1174 3443 satisfactum
1215 3382 1294 3442 sit
1332 3382 1391 3442 in
1434 3383 1552 3441 hoc
1582 3381 1899 3456 scriptore:
1942 3380 2263 3458 optandum
2303 3380 2554 3450 videtur,

349 3491 413 3538 ut
444 3478 656 3556 aliquis
685 3478 775 3540 vir
799 3478 1039 3551 doctus,
1080 3487 1208 3539 tum
1239 3477 1420 3538 literis
1451 3477 1674 3537 Latinis
1712 3476 1938 3555 egregie
1964 3476 2302 3545 instructus,
2345 3485 2471 3535 tum
2498 3476 2558 3535 in

350 3575 614 3636 Satiricis
654 3574 1040 3653 scriptoribus
1083 3573 1519 3653 cognoscendis
1546 3574 1740 3645 tritus,
1788 3573 2071 3650 suscipiat
2097 3591 2307 3630 novam
2350 3571 2570 3640 editio-‚

350 3693 509 3744 nem,
552 3671 730 3731 etiam
761 3673 914 3731 mole
942 3672 1221 3731 minorem
1253 3671 1652 3741 Heaniniana,
1696 3679 1759 3729 et
1784 3668 1860 3728 ad
1891 3688 2020 3728 eam
2061 3670 2209 3729 bene
2235 3668 2559 3729 curandam

347 3768 714 3836 anatomia
739 3768 921 3832 libros
950 3769 1196 3847 scriptos
1222 3777 1285 3828 et
1326 3768 1494 3828 editt.
1524 3767 1784 3828 excutiat
1811 3764 2115 3844 paulatim,
2160 3773 2228 3824 ut
2266 3765 2564 3826 materiam

350 3869 404 3928 ei
435 3865 705 3928 instituto
747 3873 952 3943 aptam
981 3865 1217 3937 habeat,
1258 3883 1367 3945 per
1392 3883 1572 3945 quam
1608 3860 1820 3924 deinde
1847 3871 1910 3922 et
1948 3879 2201 3941 purgare
2228 3861 2465 3933 Satiras,
2506 3871 2566 3921 et

352 3962 642 4024 illustrare
668 3960 884 4028 deinde
912 3960 1140 4042 possit!
