2992 4859
408 355 419 368 ι
448 315 622 387 1234
1151 338 1540 398 nssossusus
1590 339 2016 390 nonnosum

448 475 644 554 sisque
684 477 996 538 Sodalibus
1042 479 1389 558 Bipontinis,
1428 490 1766 542 memoratae
1809 492 1965 554 sunt,
2010 503 2123 543 non
2169 483 2382 543 dubito
2432 492 2646 554 tamen,

418 572 591 650 ‚quin
621 574 749 633 aliae
777 576 991 648 adbuc,
1022 577 1159 648 mibi
1199 577 1485 648 nec-,visas
1527 598 1634 637 nec
1664 578 1941 657 cognitas,
1969 578 2035 636 in
2071 579 2265 639 lueein
2301 579 2649 657 prodierim,
2687 635 2696 642 ‚
2757 631 2762 638 .

448 678 509 729 et
536 671 751 747 passim
795 671 848 729 in
900 673 1289 744 bibliothecis,
1332 673 1451 732 sive
1483 675 1734 752 publicis
1773 675 1890 738 sive
1935 677 2204 754 privatis,
2232 677 2476 737 lateant.
2560 679 2653 737 Ex

447 784 649 824 earnm
680 766 882 826 Indice
921 770 1244 846 apparebit,
1287 789 1379 829 me
1425 771 1482 828 in
1523 770 1953 848 antiquioribus
1991 772 2367 832 recensendis
2408 774 2658 852 diligen·
2699 757 2706 763 ’

437 861 658 935 ,11010111
688 861 885 933 fuisse,
916 883 1093 944 quam
1138 865 1195 923 in
1241 866 1701 928 recentioribus:
1744 887 1936 947 neque
1978 869 2133 929 enim
2174 889 2240 934 ea
2279 871 2654 949 potissimum

453 958 689 1017 consilii
718 960 828 1017 mei
863 961 1010 1020 ratio
1040 961 1170 1032 suit,
1202 973 1267 1022 ut
1292 979 1495 1023 omnes
1523 984 1593 1023 ae
1624 964 1899 1042 singulaS‚
1930 966 2031 1025 sed
2065 976 2130 1032 ut
2156 987 2256 1027 eas
2285 968 2653 1046 potissimum

450 1074 853 1133 percenserem
882 1058 1187 1128 editiones,
1215 1080 1249 1119 e
1276 1062 1494 1139 quibus
1524 1062 1745 1141 aliquid
1774 1062 1864 1122 vel
1883 1063 1962 1123 ad
1984 1075 2327 1142 context-um
2352 1067 2386 1124 J
2395 1065 2653 1126 uvenalis

453 1150 875 1230 historiamque
905 1154 1031 1231 ejus
1052 1145 1508 1228 conficiendam,
1540 1159 1732 1218 vel-ad
1764 1159 2303 1238 interpretationem
2332 1169 2524 1239 poetae
2551 1161 2656 1226 ad-

348 1307 359 1313 ,
444 1247 788 1324 juvandam,
820 1241 1093 1310 utilitatis'
1123 1249 1500 1317 redundaret.
1586 1254 1798 1313 Restat
1837 1257 2498 1328 nunant-editionibus
2543 1259 2658 1316 sin·

452 1344 696 1422 galatim
744 1349 1121 1419 enumeratis,
1172 1348 1433 1412 universe
1491 1349 1764 1429 quaedam
1821 1362 1947 1414 tum
2004 1351 2080 1411 de
2131 1353 2542 1423 stemmatibus
2595 1363 2659 1414 et

453 1437 710 1513 familiis,
761 1453 880 1504 tum
941 1447 1016 1504 de
1071 1445 1266 1505 indole
1309 1466 1505 1506 earum
1559 1447 1936 1527 subjungam.
2040 1450 2194 1521 Quae
2244 1448 2482 1527 quidem
2540 1450 2662 1512 tela

422 1536 660 1628 ‘paucis
687 1544 910 1616 pertexi
954 1543 1165 1621 poterit
1195 1545 1405 1616 verbis,
1433 1545 1709 1623 quoniam
1741 1565 1918 1624 snpra
1955 1546 2084 1624 jam
2124 1546 2201 1606 ad
2233 1547 2501 1624 quamvis
2537 1548 2661 1614 edi-

456 1634 697 1705 tionem,
729 1658 863 1715 qnae
907 1639 983 1698 ad
1028 1623 1177 1699 illud
1213 1641 1519 1702 consilium
1562 1661 1757 1704 meum
1807 1652 2055 1720 spectat,
2098 1644 2321 1714 monui,
2367 1643 2442 1706 ad
2494 1643 2656 1722 qnod

448 1751 653 1802 earum
677 1756 858 1812 genus
883 1747 943 1795 et
965 1734 1047 1795 ad
1068 1756 1241 1815 quam
1265 1721 1513 1798 classem
1538 1757 1610 1800 ea
1628 1739 1701 1800 sit
1723 1738 2048 1800 referenda.
2116 1741 2270 1800 Cum
2295 1760 2432 1800 vero
2455 1742 2656 1800 multae

424 1825 431 1834 ⁸
458 1832 771 1904 editioneS,
796 1844 855 1892 et
884 1834 1034 1892 inter
1056 1833 1161 1892 bas
1183 1832 1453 1911 quaedam
1486 1834 1999 1908 memorabiliores,
2031 1856 2085 1895 v.
2104 1856 2160 1896 c.
2187 1835 2660 1900 Mediolanenses
2717 1896 2728 1900 -

457 1941 519 1991 et
544 1929 800 2001 sumina,
832 1930 976 1989 milri
1005 1927 1266 1987 nondum
1299 1929 1355 1987 in
1387 1929 1654 1988 manibus
1683 1929 1918 2000 fuerint,
1949 1942 2011 1991 et
2040 1952 2176 2010 quae
2204 1953 2241 1991 a
2270 1952 2361 2006 me
2389 1933 2514 1992 sint·
2535 1934 2661 1996 cot·

456 2031 614 2098 latae,
645 2028 910 2107 quamvis
954 2026 1158 2105 ingens
1199 2044 1398 2086 earum
1442 2046 1721 2114 numerus
1758 2027 1854 2097 sit,
1885 2048 2002 2088 non
2032 2028 2319 2089 sufficiant
2361 2028 2436 2088 ad
2481 2048 2662 2089 accu-

422 2136 641 2196 ,ratam
672 2135 865 2184 textus
892 2125 927 2183 J
935 2121 1187 2183 uvenalis
1216 2122 1516 2183 historiam
1548 2123 1940 2197 condendam,
1973 2145 2227 2203 cumque
2270 2125 2380 2184 ista
2407 2126 2491 2196 rei
2533 2125 2662 2186 lite-

424 2222 616 2301 ‚rariae
655 2221 946 2280 subtilitas
984 2240 1094 2279 nee
1123 2219 1267 2289 otio,
1299 2239 1410 2279 nec
1454 2222 1655 2284 animo
1687 2222 2037 2301 ingenioque
2073 2241 2206 2281 meo
2234 2221 2377 2286 satis
2417 2241 2661 2301 respou-

424 2316 632 2398 ⁶deat:
675 2337 792 2377 non
833 2330 1106 2379 accurate
1158 2331 1217 2378 et
1264 2318 1556 2390 absolute,
1587 2320 1693 2380 sed
1720 2339 1915 2380 crassa
1960 2329 2188 2378 tantum
2234 2329 2296 2376 et
2339 2318 2560 2396 pingui,
2593 2327 2661 2378 ut

455 2414 636 2485 aiunt,
662 2415 927 2474 Minerva
952 2415 1137 2475 omnis
1158 2416 1287 2476 haeo
1314 2434 1493 2493 opera
1520 2436 1556 2475 a
1583 2436 1676 2475 me
1709 2414 1916 2494 perfici
1944 2413 2162 2493 poterit
2179 2437 2214 2485 ς·
2251 2414 2662 2492 quam·itaque

458 2521 525 2571 ut
565 2511 722 2590 aequi
770 2511 1028 2591 bonique
1071 2514 1382 2574 consulant
1427 2514 1530 2570 viri
1582 2513 1769 2585 docti,
1812 2512 1989 2571 etiam
2030 2521 2212 2587 atque
2265 2510 2441 2570 etiam
2490 2529 2659 2588 rogo.

457 2608 706 2668 Meliora
736 2606 885 2667 forte
926 2617 986 2668 et
1030 2608 1377 2686 perfectiora
1408 2619 1644 2687 tempus
1671 2607 1855 2679 dabit,
1904 2609 1955 2667 si
1994 2608 2285 2670 editiones
2327 2626 2362 2667 a
2408 2626 2502 2665 me
2544 2625 2664 2666 non

455 2705 764 2782 inspectas,
792 2704 887 2763 alii
916 2704 1219 2782 diligenter
1257 2707 1635 2767 excusserint.
1721 2706 1980 2766 Multum
2009 2714 2205 2765 tamen
2247 2704 2382 2773 inde
2427 2702 2660 2773 fructus

456 2802 530 2861 ad
569 2803 759 2880 ipsum
790 2808 1026 2881 poetam
1055 2801 1377 2862 rediturum
1408 2823 1553 2874 esse,
1585 2803 1679 2862 vix
1720 2801 2095 2881 speraverim.

538 2900 803 2958 Romana
850 2898 1122 2977 princeps
1171 2919 1205 2957 e
1256 2900 1463 2958 codice
1499 2918 1712 2975 parunt
1741 2899 2073 2970 ‚emendato
2115 2895 2305 2956 fluxit.
2389 2895 2666 2960 Meliores

456 2996 810 3054 membranae
837 2994 1013 3072 paulo
1041 3004 1172 3075 post
1198 2994 1483 3055 adhibitae
1512 2994 1570 3053 in
1601 2996 1858 3066 Venetis,
1889 3014 1925 3053 a
1951 2993 2194 3072 quibus,
2229 3003 2292 3052 ut
2334 2992 2391 3051 in
2423 2992 2663 3071 Virgilio

453 3100 512 3149 et
540 3091 811 3160 Horatio,
844 3091 1098 3169 primum
1125 3094 1159 3153 J
1168 3092 1422 3152 uvenalis
1453 3091 1626 3151 lectio
1669 3091 1750 3151 ita
1793 3091 2023 3151 videtur
2051 3090 2399 3158 constituta,
2441 3099 2510 3152 ut
2551 3109 2661 3167 per

453 3209 657 3248 omnes
696 3197 1119 3266 propagaretur
1170 3189 1383 3249 Saeculi
1430 3205 1549 3248 xv.
1605 3188 1912 3260 editiones,
1957 3187 2226 3268 quamvis
2283 3188 2485 3246 harum
2541 3185 2663 3250 sere

454 3283 614 3342 nulla
643 3284 735 3353 sit,
758 3303 892 3362 quae
913 3283 1085 3361 plane
1115 3284 1422 3344 conveniat
1450 3303 1585 3343 cum
1617 3284 1912 3362 superiore
1941 3284 2166 3362 aliquas
2246 3283 2524 3360 Magnam
2558 3301 2667 3360 po·

431 3382 744 3441 ,tissimum
788 3381 1065 3441 familiam
1094 3380 1259 3441 ducit
1285 3383 1510 3442 Veneta
1539 3380 1746 3459 prima,
1775 3400 1833 3440 a.
1873 3389 2047 3451 1475.
2074 3400 2210 3440 cum
2244 3378 2494 3439 Domitii
2524 3380 2666 3440 Cal-

455 3478 658 3550 derini,
691 3478 793 3556 qui
818 3477 993 3538 etiam
1025 3478 1333 3537 codicibus
1362 3480 1508 3552 Mss2
1537 3497 1668 3537 usus
1692 3488 1809 3549 est,
1839 3477 2267 3538 commentariis
2300 3475 2556 3554 vulgata,
2585 3496 2660 3534 ex

440 3595 577 3653 ‚qna
605 3591 895 3653 expressae
924 3559 1059 3634 sunt
1089 3576 1327 3634 Venetae
1364 3583 1537 3635 1482.
1590 3573 1744 3638 binae
1779 3581 1954 3636 1483.
2009 3580 2185 3633 1485.
2248 3581 2423 3659 14874
2453 3571 2529 3631 al.
2561 3571 2666 3630 vi-

456 3681 614 3730 cent.
649 3657 823 3732 143'0.
872 3672 1201 3751 Lipsieuses
1238 3681 1411 3743 1497.
1438 3705 1441 3708 -
1468 3679 1643 3733 1502.
1700 3678 1873 3731 1504.
1927 3680 2099 3739 1⁵07·
2142 3680 2258 3756 cet„
2342 3669 2437 3734 Ad
2469 3689 2667 3731 emen-

457 3766 719 3826 dandum
750 3767 964 3828 deinde
991 3769 1291 3829 Juvenalis
1334 3777 1559 3828 textum
1606 3787 1721 3845 ope
1763 3769 2044 3827 librorum
2073 3767 2422 3844 scriptorum
2466 3785 2672 3826 acces·

457 3873 657 3924 serunt
692 3864 856 3925 Valla
897 3865 954 3923 in
982 3868 1205 3925 Veneta
1260 3865 1454 3936 1436„
1498 3875 1558 3925 et
1604 3862 2005 3924 Mancinellus
2048 3864 2105 3922 in
2161 3864 2386 3922 Veneta
2413 3863 2666 3921 Tacuini

456 3961 533 4021 de
561 3961 808 4021 Tridino
846 3970 1017 4035 1492.
1100 3962 1266 4020 Illam
1300 3962 1640 4040 plerumque
1669 3970 1994 4039 sequuntur
2009 3962 2250 4019 Venetae
2286 3960 2458 4017 1491.
2487 3966 2666 4029 1492.

454 4059 811 4134 (Locatelli).
867 4069 1039 4132 1498.
1107 4067 1280 4136 ¹50¹.-
1340 4060 1488 4132 lianc
1537 4079 1678 4120 vero
1729 4061 1954 4119 Veneta
2009 4068 2190 4130 1494.ι
2283 4057 2658 4135 Norimberg.

465 4163 636 4225 1497.
664 4167 726 4216 et
761 4155 1125 4216 Asceusianae
1154 4174 1357 4215 novem
1390 4154 1581 4235 Lugd.
1618 4162 1791 4228 1498.
1838 4164 2012 4217 1501.
2061 4161 2236 4223 1507.
2271 4160 2441 4216 1511.
2481 4143 2665 4219 1512.
