2992 4859
445 294 537 362 14
1190 308 1289 361 nn
1332 308 1584 360 rnnsn
1632 310 1835 373 vin,

374 488 381 497 ·
446 458 776 526 scribendi
805 474 1011 543 genus
1033 408 1317 536 laborat,
1337 425 1737 538 ambiguitas
1758 459 1827 520 et
1850 452 2247 533 obscuritas,
2269 473 2424 539 quae
2443 455 2645 521 etiam

446 568 649 628 aucta
672 553 774 627 est
798 560 1146 625 brevitatis
1196 559 1441 637 studio,
1484 554 1595 624 cui
1640 577 1730 623 ex
1775 556 2006 622 Stoica
2031 556 2258 622 forsan
2282 556 2646 643 discipIIna
2763 554 2778 565 ”

442 667 714 733 nimium
761 665 1078 740 assuevit,
1106 667 1175 727 et
1201 664 1668 727 sententiosum
1717 656 2015 743 argutiis,
2046 658 2289 746 quibus
2329 668 2483 726 tunc
2527 662 2652 725 bo·

443 769 652 833 mines
694 758 1205 830 delectabantur.
1298 763 1572 843 Verum,
1611 783 1698 827 ne
1739 760 2008 847 gravius
2045 783 2242 847 oequo
2251 764 2366 827 de
2411 764 2646 829 Persio

444 888 940 954 conqueramur,
968 867 1096 932 hoc
1131 868 1349 950 utique
1376 864 1718 931 tenendum
1761 871 1885 944 est,
1930 867 2221 931 obscura
2245 885 2367 930 nos
2405 864 2643 946 dicere,

443 990 596 1055 quae
625 990 668 1034 a
694 970 886 1034 nobis
912 988 1044 1034 uon
1069 967 1571 1052 perspiciantur,
1597 969 1914 1052 justoque
1938 967 2267 1045 breviora,
2281 984 2454 1050 ‘quae
2481 984 2641 1047 rem,

440 1091 616 1137 nunc
646 1071 915 1156 quidem
960 1066 1278 1154 ignotam,
1330 1066 1695 1152 significent
1743 1075 2015 1146 tantum,
2061 1089 2192 1134 uon
2242 1068 2644 1155 exprimant,

437 1179 727 1239 nostram
754 1193 966 1239 rerum
994 1173 1461 1254 cognitionem,
1491 1166 1786 1236 nostrum
1828 1173 2147 1236 sermonis
2195 1172 2414 1236 Latini
2443 1188 2636 1235 usum

439 1278 890 1361 respicientes.
978 1274 1154 1354 Quis
1194 1280 1415 1339 autem
1442 1293 1574 1338 non
1599 1274 1919 1358 intelligit,
1950 1294 2099 1358 quoe
2149 1270 2320 1338 nun'c
2359 1270 2643 1339 obscura

439 1398 777 1456 vocamus,
831 1377 1190 1461 perspicua
1250 1377 1626 1461 aequalibus
1686 1394 1838 1440 esse
1891 1377 2214 1460 potuisse,
2262 1396 2413 1459 quae
2468 1392 2642 1441 nunc

440 1477 603 1544 dura
625 1479 948 1557 videntur,
964 1498 1051 1542 ex
1076 1484 1265 1562 parte
1290 1484 1444 1542 tuuc
1470 1498 1598 1542 usu
1623 1476 1833 1541 fuisse
1857 1477 2154 1542 mollita?
2198 1480 2396 1542 etiam
2425 1470 2642 1544 brevi-

438 1581 595 1647 tatis
624 1581 935 1659 studium,
966 1580 1144 1665 quod
1174 1582 1446 1644 nimium
1473 1598 1620 1643 esse
1655 1572 2059 1663 judicamuS,
2089 1585 2206 1643 aut
2246 1580 2506 1645 nullum
2526 1587 2644 1646 aut

436 1682 817 1749 modicum
798 1685 884 1747 ris
910 1672 1118 1746 videri
1147 1683 1390 1765 potuit,
1422 1682 1800 1763 quibusres
1829 1681 1999 1765 ipsae
2028 1686 2162 1746 tam
2190 1688 2369 1745 notae
2398 1689 2640 1761 essent,

437 1790 511 1877 ut
536 1803 666 1848 uno
697 1784 895 1847 verbo
927 1780 1188 1846 abunde
1232 1781 1318 1846 ad
1362 1780 1760 1847 intellectum
1801 1779 2262 1848 indicarentur.
2353 1781 2554 1861 Quod
2580 1783 2642 1847 si

435 1886 610 1951 euim
637 1891 774 1949 tam
800 1886 1136 1949 obscurus
1184 1884 1560 1969 aequalibus
1602 1884 1789 1950 visus
1832 1883 2090 1962 fuisset,
2121 1902 2318 1968 quam
2367 1885 2643 1969 quibus-

428 1987 589 2053 dam
631 2007 720 2053 ex
764 1989 1261 2064 recentioribus,
1307 1988 1420 2070 qui
1466 1988 1799 2069 potuisset
1841 1980 2181 2050 censuram
2238 1980 2639 2066 Quintiliani

434 2088 734 2172 effugere,
778 2089 892 2172 qui
938 2089 1473 2172 perspicuitatem
1524 2104 1654 2151 nou
1710 2088 1927 2152 solum
1967 2087 2034 2150 in
2083 2094 2365 2166 oratore,
2411 2107 2641 2153 verum

435 2189 636 2253 etiam
687 2192 754 2252 iu
786 2188 989 2273 potita
1014 2189 1329 2273 requirit?
1394 2187 1646 2273 Atque,
1694 2190 1753 2253 si
1800 2190 2106 2254 volumus
2151 2182 2384 2254 verum'
2420 2190 2640 2271 fateri,

431 2289 587 2356 loc'a
614 2310 804 2374 aeque
833 2293 1126 2355 obscura
1166 2292 1233 2355 in
1262 2280 1615 2375 quibusvis
1643 2291 2021 2355 auctoribus
2050 2290 2640 2375 deprehenduntur,

434 2389 929 2479 difficilioraque
978 2392 1236 2476 passim
1299 2384 1660 2476 aenigmata
1706 2392 1902 2457 uobis
1953 2392 2271 2458 solvenda
2333 2394 2637 2474 fuissent,

432 2493 562 2559 uisi
582 2512 666 2557 ea
691 2497 986 2557 veterum
1022 2493 1590 2575 grammaticorum
1620 2493 1961 2576 diligentia
1986 2501 2401 2580 occupasset,
2437 2502 2640 2581 atque

432 2594 772 2678 explicata
806 2596 1002 2659 nobis
1050 2594 1450 2661 tradidisset.
1539 2593 1789 2661 Verum
1814 2588 1987 2662 enirn
2027 2616 2182 2662 vero
2211 2616 2422 2682 prope
2449 2598 2639 2664 dixe-

428 2698 581 2777 rim,
623 2698 942 2764 ridiculos
985 2717 1102 2763 eos
1149 2718 1320 2778 esse,
1361 2699 1478 2783 qui
1522 2696 1823 2764 Persium
1865 2693 2255 2763 obscuritati
2303 2698 2637 2766 studuisse

431 2799 837 2880 perhibeant,
883 2804 957 2865 ut
1003 2786 1373 2866 delatorum
1412 2800 1779 2884 periculum
1823 2798 2164 2882 effugeret,
2200 2806 2315 2865 aut
2347 2800 2636 2868 Neronis

432 2900 595 2964 iram
617 2902 909 2968 evitaret.
1001 2900 1215 2980 Quasi
1257 2904 1408 2966 istis
1460 2901 1870 2986 temporibus
1909 2901 2018 2965 vel
2042 2902 2385 2967 levissima
2415 2906 2659 2990 περὶ·-

433 3001 544 3066 cio
579 3020 710 3066 non
739 3004 875 3066 vim
903 3003 1121 3086 ipsius
1164 3000 1387 3066 delicti
1432 3001 1757 3079 habuerit,
1804 3005 1920 3066 aut
1967 2999 2241 3067 Persius
2287 2996 2648 3072 arbitratus

431 3101 543 3181 sit,
570 3100 904 3169 Neronem
945 3102 1014 3168 id
1055 3122 1184 3167 uon
1233 3121 1385 3166 esse
1430 3103 1931 3183 intellecturum,
1980 3104 2157 3189 quod
2200 3106 2287 3169 ab
2326 3109 2636 3174 omnibus

432 3203 706 3288 reliquis
743 3204 1016 3286 intelligi
1067 3208 1343 3288 optaret.
1436 3202 1610 3269 Mihi
1639 3196 1915 3290 'quidem
1951 3208 2305 3273 verisimile
2349 3209 2631 3290 videtur,

432 3297 735 3370 Persium
765 3304 850 3370 de
878 3305 1153 3370 edendis
1179 3294 1404 3370 satiris
1429 3311 1592 3384 tum,
1623 3323 1776 3371 cum
1820 3325 1936 3372 eas
1982 3309 2315 3389 scriberet,
2342 3329 2427 3374 ne
2455 3315 2633 3396 cogi·

427 3411 614 3471 tasse
637 3408 934 3491 quidem,
964 3426 1194 3473 verum
1239 3409 1311 3471 in
1357 3409 1577 3471 auimo
1611 3406 1948 3486 babuisse,
1997 3410 2297 3493 aequiora
2331 3400 2634 3496 tempora
2669 3458 2674 3467 -

430 3515 810 3591 expectare,
832 3514 908 3575 ut
931 3509 978 3574 J
981 3510 1296 3588 uvenalis,
1324 3516 1400 3575 ut
1419 3510 1567 3593 ipse
1593 3507 1869 3574 Tacitus
1895 3509 2078 3588 fecit,
2102 3511 2219 3575 sed
2248 3520 2453 3578 morte
2480 3514 2631 3599 ejus

424 3619 828 3695 praematura
883 3611 1048 3675 illud
1094 3630 1262 3696 opus
1307 3611 1761 3696 imperfectum
1820 3612 1892 3675 in
1965 3614 2331 3678 amicorum
2394 3635 2629 3682 manus

428 3712 710 3791 venisse,
739 3718 814 3777 ut
840 3711 989 3796 ipse
1033 3713 1195 3778 vitae
1225 3721 1480 3792 auctor,
1513 3714 1820 3798 quisquis
1847 3706 1965 3779 ine'
1994 3715 2257 3780 tandem
2287 3717 2399 3794 sit,
2430 3722 2629 3783 testa-

428 3818 558 3878 tur.
647 3811 830 3890 Quid
858 3812 927 3875 hi
951 3815 1345 3878 resecuerint
1366 3814 1474 3878 vel
1488 3815 1976 3880 immutaverint
1992 3817 2100 3881 vel
2129 3818 2626 3900 castigaverint,

429 3918 547 3979 aut
572 3911 840 3997 quando
884 3913 1121 3976 satiras
1148 3913 1299 3979 illas
1326 3915 1755 3997 vulgaverint,
1794 3918 1931 4001 ipsi
1972 3919 2131 3983 vitae
2162 3921 2410 3983 auctori
2437 3921 2626 4001 igno-

428 4022 570 4082 tum
618 4015 829 4080 fuisse
885 4014 1163 4080 videtur.
1253 4014 1453 4094 Quod
1510 4018 1684 4082 enim
1756 4012 1943 4099 dicit,
2003 4012 2361 4085 Cornutum
2421 4040 2625 4090 unum

430 4136 695 4183 versum
744 4116 814 4182 in
868 4116 1082 4202 prima
1137 4118 1345 4184 satira
1396 4108 1717 4200 mutasse,
1769 4141 1851 4186 nc
1894 4141 2046 4186 eum
2088 4121 2176 4186 ad
2225 4139 2300 4187 se
2345 4124 2627 4191 haberet
