2992 4859
1191 426 1641 490 iuvemus.
2342 424 2516 491 1253

299 591 798 678 scripseramus.
915 592 1093 657 Inter
1133 593 1310 657 enim
1363 590 1883 670 deliberandum,
1940 589 2342 675 Rupertium
2388 591 2512 656 eti-

296 715 405 759 am
473 696 741 776 acutius
798 695 1061 759 easdem
1133 700 1619 780 perscrutatum
1677 713 1847 773 esse,
1913 700 1980 760 et
2036 695 2510 759 emendatiores

294 803 361 861 et
430 799 767 863 auctiores
839 797 1202 862 reddidisse
1276 799 1724 882 percepimus
1863 797 2237 863 Statuimus
2308 798 2512 880 igitur

295 898 593 981 ejusdem
654 898 1033 963 Recensum
1105 904 1399 963 nostrum
1454 898 1748 975 reddere,
1807 903 1874 963 et
1932 897 2198 962 Lectori
2257 898 2510 965 offerre.

295 998 654 1065 Profitetur
672 1000 1062 1085 Rupertius,
1083 1020 1157 1065 se
1179 1006 1196 1034 ‘
1214 1002 1282 1064 in
1302 999 1778 1084 antiquioribus
1797 999 2213 1064 recensendis
2234 998 2508 1082 diligen-

293 1102 530 1167 tiorem
562 1103 767 1167 fuisse
795 1122 995 1186 quam
1027 1103 1094 1167 in
1111 1104 1589 1168 recentioribus
1617 1124 1633 1168 t
1677 1121 1892 1186 neque
1916 1102 2088 1166 enim
2117 1121 2266 1165 eam
2294 1103 2508 1186 potis-

292 1204 535 1269 simum
567 1205 835 1269 consilii
882 1207 988 1269 sui
1037 1207 1362 1269 rationem
1402 1205 1632 1284 fuisse,
1664 1224 1891 1270 omnes
1923 1223 2003 1268 ac
2035 1204 2328 1286 singulas
2356 1223 2508 1287 per-

293 1326 562 1371 censere
583 1305 621 1372 :⁹
691 1326 816 1371 nec
867 1307 1135 1391 quidem
1175 1318 1407 1371 nostra
1456 1312 1602 1388 est;
1669 1311 1735 1370 et
1780 1307 1986 1370 multo
2037 1306 2255 1367 minus
2307 1323 2507 1389 super

293 1411 522 1474 omnia
538 1410 806 1487 morari,
830 1410 949 1473 ubi
973 1409 1344 1474 claudicare
1366 1409 1474 1473 vel
1491 1408 1771 1472 deficere
1793 1407 2089 1473 videatur
2113 1407 2503 1491 RupertiuS.

295 1510 385 1575 Et
413 1512 475 1574 si
502 1510 791 1594 paucula
817 1510 1148 1595 quaedam,
1178 1516 1245 1574 et
1265 1511 1465 1574 etiam
1498 1512 1794 1594 antiqua,
1823 1511 1910 1574 ab
1940 1529 2023 1574 eo
2051 1510 2505 1594 praetermissa

283 1615 523 1698 paucis
554 1614 1108 1692 denotaverimuS,
1141 1613 1327 1678 dabit
1355 1613 1599 1677 Lector
1628 1613 1911 1677 veniam.

373 1715 455 1778 In
479 1715 737 1800 primiS‚
760 1735 894 1780 non
923 1714 1091 1778 satis
1126 1714 1328 1793 clare,
1349 1715 1454 1779 vel
1478 1714 1678 1777 etiam
1706 1720 1907 1791 recte,
1933 1713 2314 1797 designasse
2344 1712 2502 1778 edit.

285 1816 451 1884 Juv.
488 1814 876 1901 Principem,
905 1821 981 1880 ut
1007 1821 1304 1894 vocatur,
1334 1819 1355 1848 ‘
1373 1808 1527 1899 ‘quae
1559 1819 1660 1895 (ut
1681 1813 1877 1899 dicit)
1897 1816 1965 1878 in
1987 1814 2135 1880 Fol.
2170 1817 2314 1880 sine
2343 1820 2503 1879 nota

285 1919 444 1997 loci,
476 1921 658 1998 anni,
691 1925 759 1983 et
805 1916 1226 2002 typographi,
1269 1918 1336 1980 in
1374 1916 1591 1980 lucem
1618 1916 1891 2000 prodiit,
1919 1936 2252 2000 quamque
2286 1913 2501 1979 Roma:

286 2022 475 2086 circa
516 2041 751 2085 annum
820 2021 1015 2084 1470.
1067 2019 1245 2103 typis
1299 2038 1622 2083 excusam
1666 2038 1814 2083 esse
1867 2019 2200 2103 probabili
2238 2018 2498 2102 J'udicio

282 2122 759 2205 suspicabatur
820 2120 1361 2184 Maittarius-—et
1416 2119 1871 2202 Hamberger,'
1916 2140 2049 2183 non
2098 2118 2320 2183 multis
2352 2139 2495 2184 ver-

278 2223 390 2288 bis
462 2223 1085 2288 commentabimur:
1152 2222 1269 2286 sed
1315 2221 1415 2285 ita
1477 2241 1551 2285 se
1607 2240 1745 2285 rem
1812 2222 2075 2299 habere,
2128 2219 2498 2286 consulenti

287 2321 604 2389 ΒὶὀίἰοιΙι.
674 2322 895 2408 Spenc.
956 2325 1349 2409 apparebit;
1416 2328 1489 2388 at
1569 2343 1691 2408 pro
1759 2329 1937 2389 certo
2019 2325 2220 2388 aliam
2299 2324 2497 2408 hujus

282 2429 543 2511 generis
586 2448 718 2492 non
769 2428 1059 2491 omnino.-
1075 2426 1452 2510 descripsit,
1502 2427 1689 2492 aliter
1734 2424 2263 2492 character-inicus
2300 2431 2497 2490 notas

278 2529 720 2613 proculdubio
795 2529 1113 2608 dedisset,
1188 2547 1402 2613 neque
1476 2529 1705 2613 aliqua
1774 2529 2162 2607 editionum,
2224 2528 2312 2594 ab
2381 2547 2496 2591 eo-

279 2629 433 2695 dem
457 2633 608 2696 viro
636 2631 837 2695 docto
880 2630 1378 2714 descriptarum,
1424 2651 1548 2715 pro
1591 2630 1720 2694 hac
1762 2631 1933 2694 sumi
1963 2632 2200 2714 possit.
2289 2628 2495 2694 Hanc

278 2732 436 2797 edit.
468 2732 763 2798 vidimus
782 2733 849 2796 in
869 2730 1289 2796 Bibliotheca
1303 2732 1514 2796 nobili
1545 2729 1794 2815 colleg.
1827 2730 2056 2814 Magd.
2088 2729 2271 2815 apud
2300 2729 2494 2795 Oxo·

280 2834 548 2898 aienses
577 2854 698 2918 per
727 2834 1092 2899 amicitiam
1119 2832 1352 2898 eruditi
1387 2832 1710 2898 Praesidis
1747 2831 1854 2896 Μ.
1881 2830 1954 2895 J.
1987 2830 2237 2909 Routh,
2263 2832 2355 2896 D.
2377 2831 2490 2910 D.,

275 2942 347 3002 et
390 2939 561 3003 satis
612 2940 1060 3022 percepimuS,
1114 2937 1185 3000 in
1229 2936 1399 3020 ipsis
1454 2937 1615 2999 artis
1660 2932 2162 3018 typographicae
2219 2934 2493 2998 incuna-

270 3039 451 3104 bulis
508 3059 833 3105 excusam
892 3037 1116 3103 fuisse.
1236 3036 1346 3101 Ne
1378 3050 1735 3100 'moremur
1803 3034 2173 3114 Lectorem,
2238 3035 2492 3100 indicia

272 3159 406 3205 non
436 3141 727 3220 deerant,
754 3142 1000 3225 quibus
1028 3141 1099 3204 in
1126 3142 1515 3204 sententiam
1537 3138 1722 3204 ducti
1749 3157 2033 3216 eramuS‚
2061 3138 2236 3202 hunc
2261 3137 2491 3222 ipsum

271 3241 515 3310 librum
546 3241 1073 3326 Magdalensem⁸
1121 3243 1341 3326 accipi
1369 3261 1572 3326 posse
1616 3261 1741 3325 pro
1789 3236 2122 3305 Juvenalis
2160 3248 2216 3302 et
2252 3237 2487 3319 Persii,

270 3345 706 3429 conjunctim,
752 3351 855 3427 (ut
895 3343 1173 3430 vocant)
1209 3345 1357 3408 edic.
1400 3342 1702 3428 Principe
1719 3367 1742 3420 ,-
1785 3349 1875 3422 et,
1916 3346 1993 3406 ut
2030 3360 2256 3408 verum
2279 3342 2491 3407 fatea-

266 3467 443 3527 mur,
466 3447 631 3511 nihil
674 3449 893 3527 nobis,
925 3449 1137 3531 magis
1183 3448 1357 3511 serio
1379 3445 1919 3525 deliberantibus,
1947 3445 2168 3509 statim
2199 3445 2490 3509 occurrit

268 3549 459 3633 quod
488 3551 557 3613 in
588 3551 795 3614 aliam
829 3552 1203 3636 opinionem
1232 3568 1358 3615 nos
1402 3548 1627 3613 subito
1656 3547 1943 3613 inclinet.
2035 3545 2266 3629 Hujus
2293 3535 2520 3611 editi-'

265 3651 423 3716 onis
451 3653 837 3737 exemplare
881 3657 986 3716 est
1026 3650 1514 3728 inveniendum,
1558 3668 1683 3713 nec
1709 3648 1779 3712 in
1806 3646 2004 3713 Bodl.
2039 3646 2483 3728 Bibliotheca,

266 3769 390 3816 nec
414 3753 486 3815 in
510 3752 754 3817 Museo
796 3753 1118 3830 Britann.‚
1147 3771 1271 3816 nec
1302 3750 1479 3836 apud
1516 3750 2119 3832 Cantabrigienses,
2150 3767 2274 3814 nec
2305 3749 2486 3833 apud

266 3852 542 3933 Scotos,
562 3874 682 3919 nec
703 3855 929 3920 forsan
944 3856 1011 3919 in
1028 3853 1164 3919 ulla
1181 3854 1318 3918 alia
1340 3854 1615 3938 publica
1638 3852 2057 3916 Bibliotheca
2077 3851 2502 3917 Britannica(

265 3948 428 4024 Nec
472 3957 738 4040 quidem
780 3958 1072 4024 occurrit
1110 3957 1490 4041 exemplare
1517 3957 1678 4021 inter
1726 3949 2045 4018 Romanas
2082 3958 2198 4019 aut
2226 3949 2486 4016 Italicas

1257 4121 1469 4174 NOTAE

339 4234 373 4280 8
403 4232 577 4284 catal.
603 4231 742 4284 nist.
777 4233 906 4286 erit.
929 4233 1081 4286 Rom.
1108 4235 1278 4286 Editt.
1303 4250 1335 4287 a
1413 4234 1691 4299 specimen
1733 4230 1875 4283 nist.
1914 4227 2048 4280 orit.
2085 4224 2236 4276 editt.
2269 4224 2480 4278 Italica·

269 4305 394 4359 Joh.
418 4308 575 4376 Bapt.
598 4308 894 4363 Audiffredi
909 4313 1085 4365 Roma
1109 4317 1256 4366 1⁷8⁸.
1278 4318 1335 4364 et
1413 4323 1546 4376 rum,
1562 4308 1632 4360 ab
1655 4306 1857 4372 eodem,
1877 4305 2072 4368 Rome,
2095 4302 2240 4352 1⁷9⁴.
