2992 4859
764 380 1120 442 moninus,
1170 380 1261 428 m·
1306 378 1714 428 scnium-1121
1762 378 2088 429 causus.
2442 364 2530 431 19

329 527 581 596 Verum
624 531 764 596 fieri
805 552 939 598 non
982 532 1226 617 potuit,
1258 531 1441 616 quin,
1488 551 1644 596 cum
1682 536 1749 595 et
1786 550 1915 609 res,
1952 548 2229 614 quarum
2272 533 2520 595 mentio
2613 518 2616 523 ’

326 631 404 697 fit
430 634 498 696 in
528 634 776 712 satiris,
806 635 1172 718 coepissent
1215 654 1302 699 ex
1345 639 1531 717 parte
1557 635 1867 715 ignorari,
1904 639 1972 698 et
2010 632 2272 696 dicendi
2312 650 2522 715 genus

329 752 373 799 a
417 734 675 816 vulgari
703 736 957 799 ratione
993 737 1062 799 in
1094 736 1238 799 dies
1279 736 1495 817 magis
1540 735 1884 818 magisque
1932 733 2327 817 discrepare,
2355 736 2523 799 inter
2657 728 2662 735 ’

327 834 652 903 obscuros
700 836 1051 919 scriptores
1097 835 1369 900 Persius
1421 834 1786 912 referretur,
1856 836 2394 919 grammaticique
2432 836 2521 900 ad

276 931 290 941 “
326 955 476 1000 eum
521 937 990 1021 explicandum
1035 956 1109 1000 se
1156 937 1586 1017 accingerent.
1673 935 1988 1013 Fuerunt,
2034 938 2150 1019 qui
2195 944 2523 1020 putarent,

330 1037 545 1103 Persii
591 1041 828 1104 satiras
874 1059 915 1105 a
958 1038 1248 1103 Cornuto
1277 1036 1551 1102 scholiis
1594 1038 1946 1101 instructas
1994 1039 2061 1102 in
2099 1038 2316 1101 lucem
2369 1058 2521 1122 pro-

329 1140 555 1218 diisse,
603 1146 801 1224 atque
849 1161 939 1205 ex
993 1142 1081 1206 iis
1134 1140 1407 1205 scholiis
1456 1138 1773 1221 decerpta
1817 1139 2123 1221 quaedam
2158 1138 2521 1221 fragmenta

322 1243 413 1308 iis
469 1243 683 1307 adhuc
731 1244 947 1331 imsse
990 1242 1282 1321 scholiiS,
1332 1261 1514 1326 quae·
1543 1260 1720 1309 nunc
1767 1242 2337 1305 mircumferuutur.
2453 1237 2524 1305 A

329 1363 610 1428 quorum
633 1345 941 1428 opinione
966 1345 1269 1427 equidem
1314 1349 1450 1408 tam
1488 1344 1681 1426 longe
1707 1343 1964 1421 absum,
1995 1347 2066 1406 ut
2090 1348 2335 1425 putem,
2365 1341 2527 1408 Per-

327 1446 502 1511 sium
540 1445 899 1529 antiquitus
952 1446 1150 1510 nullis
1204 1446 1474 1510 scholiis
1526 1444 1738 1509 fuisse
1779 1445 2192 1522 instructum,
2240 1464 2392 1508 cum
2437 1445 2522 1509 iis

323 1546 484 1629 nihil
526 1566 695 1631 opus
738 1553 914 1612 esset
956 1548 1327 1631 aequalibus
1368 1548 1534 1632 ejus,
1578 1548 1822 1629 quibus
1866 1553 1933 1612 et
1982 1546 2265 1628 cognitae
2308 1565 2411 1609 res
2453 1551 2523 1610 et

328 1651 646 1713 sermonis
674 1651 846 1714 ratio
874 1651 1091 1714 notior
1116 1654 1278 1714 erat.
1367 1647 1549 1729 Quin
1564 1647 1913 1735 probabile
1939 1652 2063 1724 est,
2083 1665 2165 1709 ne
2190 1647 2261 1710 Η
2267 1647 2518 1731 ierony-

326 1766 507 1815 mum
533 1751 800 1833 quidem
829 1751 1128 1817 codicem
1164 1770 1367 1815 manu
1405 1755 1751 1815 exaratum
1779 1748 2000 1813 Persii
2040 1746 2314 1811 scholiis
2357 1748 2523 1813 dita-

326 1856 465 1938 tum
508 1858 620 1918 aut
662 1857 817 1917 aute
843 1852 1076 1917 oculos
1101 1852 1415 1917 habuisse
1444 1858 1560 1917 aut
1589 1850 2003 1933 cognovisse,
2049 1849 2342 1931 alioquin
2384 1854 2522 1925 tam

330 1953 642 2020 acerbum
672 1953 756 2018 de
783 1954 1187 2019 obscuritate
1216 1954 1393 2018 illius
1412 1952 1740 2039 judicium
1765 1970 1898 2016 non
1925 1949 2205 2014 tulisset.
2281 1947 2522 2036 Neque

325 2055 395 2133 in
422 2055 716 2133 scholiis,
744 2059 815 2118 ut
857 2073 1029 2119 nunc
1054 2058 1229 2132 sunt,
1258 2055 1464 2118 ullum
1505 2052 1911 2135 antiquitatis
1939 2051 2287 2133 vestigium
2318 2069 2527 2134 appa-

324 2161 462 2238 retg
505 2157 821 2241 pleraque
877 2160 1032 2221 sunt
1080 2155 1424 2242 ejusmodi,
1485 2160 1559 2219 ut
1608 2154 2067 2237 unusquisque
2122 2170 2254 2217 non
2321 2153 2519 2236 plane

326 2258 613 2343 ineptus,
641 2259 816 2323 lecto
844 2258 1071 2342 aliquo
1110 2259 1290 2337 loco,
1336 2257 1581 2323 eadem·
1599 2257 1871 2321 allinere
1899 2259 2149 2340 posset,
2176 2253 2336 2337 quia
2359 2252 2525 2318 nihil

325 2359 413 2424 iis
454 2361 650 2438 inest,
694 2359 870 2444 quod
900 2378 1034 2424 non
1059 2360 1229 2444 ipsis
1256 2359 1545 2425 auctoris
1572 2358 1790 2423 verbis
1818 2356 2258 2434 contineatur;
2300 2372 2522 2437 pauca

328 2464 580 2527 tantum
613 2481 702 2526 ex
733 2458 959 2545 aliquo
988 2461 1416 2544 grammatico
1441 2479 1574 2525 non
1600 2460 1796 2524 nimis
1824 2462 2085 2523 vetusto
2128 2463 2365 2521 temere
2408 2455 2520 2519 de-

332 2567 564 2649 cerpta
606 2562 817 2627 videri
870 2566 1165 2644 possunt.
1265 2560 1397 2625 Sed
1447 2561 1676 2625 nescio
1714 2580 1847 2644 quo
1890 2559 2034 2624 fato
2089 2559 2161 2622 id
2198 2557 2524 2622 accidisse

327 2662 571 2742 dicam,
622 2668 700 2728 ut
743 2663 987 2730 nullus-
1014 2663 1203 2729 loeus
1247 2663 1632 2745 difficultate
1679 2663 1907 2745 aliqua
1947 2659 2224 2743 insignis
2268 2658 2523 2741 aliquid

325 2763 501 2831 lucis
525 2768 759 2830 nactus
788 2765 878 2829 sit
901 2783 991 2828 ex
1018 2764 1155 2829 illis
1177 2764 1489 2845 scholiis;
1535 2782 1688 2827 nam
1719 2764 1829 2827 vel
1860 2760 2124 2831 omnino
2152 2759 2368 2835 silent,
2414 2757 2521 2823 vel

327 2885 412 2931 ea
454 2865 816 2948 explicant,
859 2867 927 2929 in
956 2865 1203 2948 quibus
1226 2882 1420 2928 nemo
1460 2864 1729 2927 haereat.
1819 2860 2276 2927 Nihilominus
2310 2864 2530 2929 tamon

332 2987 415 3032 ea
442 2966 701 3032 scholia
728 2962 1054 3030 utilissima
1100 2950 1181 3030 in‘
1214 2964 1519 3029 Persium
1543 2963 1798 3048 passim
1827 2963 2026 3027 etiam
2054 2981 2097 3026 a
2123 2960 2527 3029 doctissimis

330 3068 503 3135 viris*
540 3070 880 3133 vocantur.
966 3062 1221 3131 Verum
1267 3072 1424 3128 cum'
1464 3063 1536 3127 in
1591 3063 2076 3147 antiquioribus
2119 3063 2524 3129 editionibus

329 3168 586 3235 scholia
638 3168 1047 3253 proferantur
1093 3165 1411 3252 pleniora,
1467 3184 1669 3249 quam
1720 3183 1823 3242 ea,
1873 3182 2027 3248 quae
2085 3162 2524 3231 casaubonus

328 3269 602 3335 editioni
660 3290 803 3335 suae
862 3269 1124 3355 adjecit,
1193 3267 1637 3351 nonnullaque
1688 3289 1732 3332 a
1786 3268 1944 3332 viris
2005 3266 2221 3332 doctis
2281 3265 2528 3330 inedita

335 3371 682 3436 laudentur
736 3377 804 3436 et
850 3372 919 3436 in
965 3368 1389 3435 bibliothecis
1435 3368 1654 3435 adhuc
1703 3367 2001 3444 latentia,
2053 3371 2199 3430 tota
2252 3367 2387 3429 ista
2443 3364 2527 3429 de

328 3472 609 3538 scholiis
658 3471 1020 3555 disputatio
1061 3469 1146 3549 ei,
1195 3469 1310 3554 qui
1356 3468 1736 3534 melioribus
1782 3466 2125 3552 proesidiis
2174 3468 2531 3531 instructus

329 3579 454 3652 est,
486 3569 908 3657 relinquenda
932 3571 1088 3636 mihi
1125 3570 1406 3635 videtur.

1868 3665 1956 3733 G.
1989 3666 2067 3729 L.
2113 3664 2488 3731 KOENIG.

349 3764 353 3769 ·
401 3757 625 3821 cmiv-3.
663 3761 807 3808 180⁸.

1324 3864 1542 3917 NOTAE

334 3964 597 4032 exquisite
628 3965 823 4015 dictum
841 3968 1047 4029 putent,
1064 3962 1201 4029 quod
1232 3962 1392 4012 iuter·
1470 3966 1576 4010 tur.
1640 3959 1829 4023 Itaque
1858 3956 1901 4006 si
1938 3956 2202 4022 antiquum
2239 3971 2525 4007 sermonem

336 4040 643 4106 protundum
668 4040 771 4091 sit!
810 4042 881 4090 Et
904 4053 982 4091 ix.
999 4045 1048 4090 3.
1069 4042 1085 4068 ‘
1101 4039 1392 4088 Verborum
1471 4042 1647 4088 nostro
1670 4049 2041 4100 comparemus,
2061 4049 2209 4098 paine
2226 4036 2361 4101 jam,
2383 4035 2528 4101 quid-

332 4116 515 4181 figurn
554 4123 611 4166 et
649 4121 862 4167 mutate
903 4123 1024 4166 aunt
1065 4129 1288 4178 semper,
1315 4121 1392 4176 et,
1472 4114 1599 4185 quid
1618 4116 1892 4181 loquimur,
1913 4112 2081 4178 figura
2103 4112 2220 4163 eat?

336 4200 615 4262 utcumque
648 4195 810 4244 voluit
841 4191 1396 4263 eonsuetudffimutan·
