2992 4859
475 279 565 346 ⁷8
595 273 602 278 ’
1255 293 1328 341 A.
1376 289 1622 340 ranan
1671 251 1934 360 ruem

477 437 650 517 Quae
679 444 865 523 pater
892 397 1204 503 adductis
1228 435 1480 500 sudans
1508 435 1772 499 audiret
1789 436 2070 500 'amiciet
2116 507 2121 513 .

473 541 670 607 Jure:
716 542 954 604 etenim
981 540 1051 603 id
1080 557 1429 616 summum,
1458 537 1619 622 quid
1651 537 1896 602 dexter
1924 539 2108 602 senio
2136 537 2351 617 ferret,

469 684 696 752 promsi,
714 685 850 732 valde
868 683 1146 731 oestimnda
1165 698 1195 730 a
1213 686 1491 745 pra-ceptam
1510 696 1687 740 severo,
1709 697 1817 744 qua
1849 695 2021 756 parens
2040 694 2184 756 meus
2220 681 2433 729 sudorem
2448 680 2679 731 casinens

473 749 758 798 multaret
790 748 1052 797 convocatis
1080 746 1423 807 familiaribus.
1491 747 1622 796 Num
1644 748 1775 802 *iuna
1813 750 1981 795 mento
2010 760 2299 809 precipiam
2328 749 2433 794 erat
2467 746 2592 793 muln
2624 760 2682 794 sa

1408 856 1525 875 ‘u‘
1531 855 1766 875 NONN&

478 925 612 977 Edd.
667 925 869 974 Discere
898 923 958 976 ab
995 926 1186 974 insum:
1229 924 1290 974 C.
1326 923 1485 996 habet
1530 925 1685 972 dicere
1730 928 1778 972 et
1818 923 2132 972 insuam—48
2182 936 2357 971 ummo
2398 903 2506 972 Ms-
2558 922 2681 973 Gal.

1473 1036 1685 1087 NOTAE

478 1128 636 1178 Forte
676 1133 732 1177 et
773 1126 1038 1178 Juvenalis
1081 1125 1159 1175 ait
1198 1125 1282 1174 hic
1325 1125 1539 1175 Catonis

479 1202 642 1253 verba
693 1203 911 1251 multum
966 1200 1226 1251 laudanda
1273 1215 1305 1249 a
1347 1202 1542 1266 Magis-

482 1286 584 1341 tro,
651 1284 709 1327 ut
745 1292 905 1342 puero
963 1279 1155 1327 animos
1208 1277 1427 1327 adderet
1479 1292 1542 1326 ac

477 1356 729 1405 stimulos:
754 1369 887 1417 uam,
904 1362 963 1403 ut
983 1355 1057 1404 ait
1074 1354 1238 1404 ovid.
1251 1357 1267 1382 ‘
1281 1353 1541 1404 Jaaudata-

482 1423 583 1497 que
621 1431 788 1480 virtus
846 1430 1070 1489 Crescit;
1119 1437 1176 1480 et
1234 1432 1538 1480 immensum

479 1507 643 1573 gloria
664 1500 832 1557 calcar
853 1507 1053 1556 habet?

543 1588 607 1633 47
660 1583 779 1639 Quoe
809 1588 947 1646 puter
982 1583 1220 1646 adductis]
1267 1585 1538 1634 Declama-

480 1660 608 1709 bant
621 1659 770 1723 pueri
786 1666 935 1709 sexta
948 1673 1150 1724 quaque
1167 1658 1269 1719 die,
1279 1667 1537 1723 praesente

480 1743 649 1801 patre,
671 1737 757 1802 qui
794 1738 986 1786 amicos
1017 1741 1073 1785 et
1106 1742 1350 1799 cognatos
1382 1736 1434 1784 in
1468 1737 1541 1785 lu-

480 1813 603 1862 dum
626 1821 926 1878 corrogatos
940 1811 1232 1862 adducebat
1248 1812 1315 1861 ad
1336 1809 1557 1874 audien-⁷

479 1889 604 1938 dum
641 1888 819 1944 filium.
886 1889 1019 1941 Vide
1054 1888 1273 1946 Quintil.
1307 1902 1366 1940 11.
1403 1893 1452 1938 7.
1486 1894 1543 1939 et

482 1977 543 2016 Χ.
565 1970 615 2013 5.

545 2041 752 2106 Suum]
796 2042 917 2090 Prae
957 2041 1159 2104 laetitia,
1200 2047 1255 2091 et
1299 2047 1543 2105 expecta·

479 2115 622 2165 tione
644 2118 843 2167 solicita
862 2125 1081 2167 eventus
1105 2117 1444 2170 recitationis.

543 2196 609 2241 48
629 2194 775 2257 Jure]
807 2194 1030 2248 Quidam
1052 2195 1135 2243 hic
1158 2201 1404 2257 separant
1427 2209 1541 2243 sen-

479 2279 622 2317 sum:
652 2268 738 2319 alii
771 2269 1002 2332 jungunt
1044 2285 1223 2319 vocem
1264 2270 1396 2320 hanc
1420 2285 1537 2319 cum

479 2344 829 2407 sequentibus.
917 2346 1131 2395 Utrovis
1183 2346 1335 2394 modo
1382 2346 1541 2410 legas,

480 2418 696 2482 perinde
735 2424 844 2478 est;
895 2434 1098 2482 semper
1130 2420 1264 2469 enim
1288 2413 1539 2484 puerilem

481 2507 686 2543 sensum
725 2495 1123 2557 animadvertes,
1147 2496 1235 2560 qui
1277 2496 1402 2545 nihil
1442 2496 1542 2545 sibi

477 2571 617 2622 tanti
638 2571 1015 2634 aestimandum,
1039 2571 1193 2621 immo
1219 2580 1324 2621 tam
1367 2572 1537 2636 legiti-

480 2659 619 2695 mum
655 2646 781 2695 nihil
823 2646 1109 2710 existimat,
1128 2661 1281 2718 quam
1315 2647 1539 2710 pueriles

477 2735 633 2772 nosse
653 2721 799 2772 ludos
823 2722 892 2771 ad
913 2721 1170 2786 amassint,
1201 2717 1538 2788 ludorumque

481 2797 645 2860 leges.

549 2874 682 2929 Quid
714 2878 881 2924 dexter
915 2876 1043 2924 senio
1067 2875 1243 2940 ferret,
1281 2876 1416 2925 Scire
1435 2880 1540 2924 erat

478 2950 532 3000 in
573 2951 704 3014 roto]
757 2952 1034 3015 Praecipua
1078 2953 1199 3001 mihi
1244 2966 1538 3016 summaque

480 3033 598 3076 erat
640 3041 784 3088 cura,
815 3028 950 3077 scire
991 3027 1115 3091 quid
1153 3035 1384 3089 noceret,
1413 3027 1539 3090 qnid

478 3101 751 3166 prodesset
791 3101 844 3149 iu
889 3101 1010 3151 ludo
1048 3102 1282 3151 talorum.
1384 3101 1540 3152 Libet

477 3176 788 3239 iuvestigare
825 3176 939 3240 quis
993 3177 1140 3239 hujus
1187 3176 1293 3225 ludi
1346 3176 1539 3239 primus

480 3257 682 3304 auctor.
751 3252 854 3301 Hic
897 3252 1092 3300 sustine
1133 3266 1215 3300 me
1265 3252 1539 3315 tantulum,

480 3326 613 3378 bone
636 3327 821 3376 lector.
888 3328 1191 3392 Quanquam
1215 3327 1347 3376 euim
1371 3327 1539 3391 pruri-

480 3404 592 3458 enti
629 3402 937 3467 ardentique
958 3404 1093 3467 stylo
1113 3401 1319 3452 modum
1343 3416 1538 3466 ponere

481 3494 544 3530 ac
583 3478 796 3529 fra-num
819 3479 1035 3543 injicere
1058 3480 1323 3541 consuevi,
1345 3487 1400 3529 at
1427 3479 1539 3543 jam

479 3555 737 3606 exultanti
778 3570 873 3619 per
893 3569 1142 3606 amoenum
1177 3569 1415 3620 eampum
1448 3556 1543 3604 las-

480 3629 798 3695 civientique
842 3632 1066 3681 habenas
1108 3632 1297 3681 laxabo
1351 3632 1541 3695 paulis·

477 3717 592 3768 per.
658 3706 798 3754 Ecce
821 3720 944 3755 vero
966 3706 1126 3770 (quod
1145 3706 1364 3755 t'austum
1387 3705 1537 3756 felix-

480 3792 583 3843 que
606 3778 699 3841 sit)
747 3781 869 3829 Dux
903 3781 1218 3845 Burgundiae
1259 3783 1418 3832 natali
1449 3783 1535 3832 die

481 3855 581 3905 toti
623 3855 810 3903 Galliae
847 3854 1034 3905 festiva
1075 3872 1313 3921 mappam
1357 3858 1537 3909 mittit.

481 3931 624 3996 Ergo
666 3936 847 3994 aperto
885 3931 1053 3980 stadio
1094 3932 1256 3982 libere
1298 3927 1540 3982 decurrass

481 4022 611 4059 mus.
696 3997 791 4070 Tu,
833 4007 1016 4066 lector,
1059 4006 1264 4055 interim
1306 4008 1429 4057 sede
1483 4010 1538 4058 in

481 4091 773 4148 scammate,
816 4084 885 4134 sis
929 4082 1085 4132 etiam
1123 4081 1463 4149 Aristarchus,
1495 4086 1538 4135 si

481 4158 651 4212 lubet:
687 4153 788 4236 ego*
804 4175 927 4213 saue
951 4167 1058 4211 tam
1072 4153 1352 4212 fortunatis
1371 4159 1541 4228 auspi·

1621 1124 1714 1174 ciis
1747 1125 1875 1175 nihil
1912 1139 2015 1175 nou
2039 1123 2270 1188 tentabo,
2302 1124 2428 1174 nihil
2448 1138 2549 1175 non
2582 1135 2683 1173 mo-

1620 1201 1735 1263 liar,
1758 1200 2095 1265 Agonotheta
2133 1187 2327 1265 Magno
2363 1201 2528 1265 Rege,
2556 1200 2681 1249 Del·

1623 1277 1813 1341 phin'oq
1823 1292 1885 1325 ue
1910 1277 2256 1326 Serenissimo.
2291 1276 2439 1337 Quis,
2458 1277 2682 1341 inquam,

1625 1354 1844 1402 talorum
1861 1353 2133 1416 inventor?
2182 1352 2244 1401 Id
2264 1359 2508 1415 arrogant
2527 1358 2682 1415 atque

1624 1429 1916 1479 attribuunt
1947 1429 2034 1478 alii
2061 1429 2192 1489 aliis,
2213 1428 2454 1493 inquiunt
2473 1427 2684 1476 nonnul-

1618 1505 1692 1564 113
1730 1506 1884 1554 Plato
1912 1505 2107 1554 'l'heuti
2133 1504 2494 1569 AEgyptiorum
2530 1504 2677 1553 Deo:

1618 1581 1889 1630 Palamedi
1946 1582 2249 1630 Eustathius
2310 1587 2467 1646 atque
2508 1581 2682 1630 Philo-

1618 1662 1845 1705 stratus:
1905 1656 2062 1722 Lydis
2104 1656 2421 1710 Herodotus.
2486 1658 2677 1706 Verum

1616 1732 1877 1781 enimvero
1917 1731 2058 1795 ipsos
2113 1732 2371 1784 Auctores
2424 1732 2680 1791 adeamus,

1619 1807 2012 1871 audiamusque:
2049 1822 2215 1871 neque
2240 1808 2351 1870 plus
2371 1807 2494 1856 satis
2512 1808 2678 1860 Inter·

1619 1884 1854 1949 preti-bus
1876 1883 2007 1933 fides
2040 1883 2313 1933 habeatur.
2382 1882 2679 1932 Herodotus

1620 1960 1731 2025 (cui
1766 1975 1848 2010 me
1893 1958 2161 2023 astipulari
2197 1960 2371 2007 statim
2410 1956 2679 2023 profiteor)

1620 2033 1813 2086 diserte
1845 2033 2083 2097 affirmat,
2121 2043 2354 2097 tempore
2398 2034 2552 2099 Atyis
2589 2033 2681 2083 filii

1623 2112 1798 2162 Manis
1835 2112 2017 2178 Regis,
2053 2117 2319 2175 grassante
2358 2124 2571 2159 annouae
2596 2124 2680 2174 pe-

1619 2189 1781 2254 nuria,
1812 2188 1982 2253 Lydos
2022 2188 2277 2237 iuvenisse
2317 2185 2539 2236 omnium
2575 2186 2681 2250 qui-

1619 2263 1737 2312 dem
1774 2264 2011 2312 ludorum
2054 2276 2263 2328 genera,
2301 2268 2527 2325 excepto
2561 2275 2680 2325 uno,

1619 2341 1686 2390 ad
1724 2340 2098 2396 discutiendam
2131 2354 2316 2404 nempe
2349 2337 2568 2388 famem:
2607 2338 2681 2392 ita
2770 2377 2777 2384 ,

1620 2423 1680 2466 ut
1719 2417 1887 2466 altera
1923 2417 2009 2465 die
2050 2417 2146 2466 toti
2191 2416 2385 2465 lusibus
2423 2416 2683 2479 occupati,

1621 2493 1784 2541 altera
1824 2507 1945 2542 vero
1983 2493 2150 2542 cibum
2192 2493 2477 2554 capientes,
2522 2491 2683 2540 vitam

1617 2575 1899 2633 utcumque
1934 2545 2277 2618 sustelftarint
2301 2566 2445 2616 annis
2487 2566 2682 2617 duode-

1617 2643 1822 2709 viginti.
1889 2644 1976 2693 Sic
2022 2645 2109 2693 ille
2144 2644 2329 2693 scribit
2367 2644 2400 2692 Ι.
2436 2657 2472 2691 ι.
2514 2656 2564 2692 n.
2601 2647 2681 2693 26.

1617 2720 1928 2788 Ἔξευρεθῆναι
1952 2718 2009 2779 δὴ
2028 2717 2141 2786 ‘nh-5
2179 2717 2256 2768 καὶ
2275 2720 2370 2768 τῶν
2398 2716 2573 2780 κύβων,
2605 2717 2683 2767 καὶ

1617 2798 1714 2845 τῶν
1755 2794 2087 2861 ἀστραγάλων,
2124 2795 2201 2845 καὶ
2240 2798 2323 2854 τῆς
2357 2794 2572 2859 σφαίρης,
2605 2797 2685 2845 καὶ

1620 2875 1784 2924 ἄλλων
1819 2871 2008 2926 πασέων
2026 2871 2279 2935 παιγνιέων
2293 2871 2358 2921 τὰ
2379 2873 2529 2935 εἴδεα,
2557 2873 2686 2931 πλὴν

1618 2953 1821 2999 πεσσῶν
1868 2947 2048 2997 τούτων
2096 2948 2191 3013 γὰρ
2242 2948 2332 3008 τὴν
2377 2948 2556 3012 εὕρεσιν
2597 2949 2684 2997 οὐκ

1619 3024 1899 3084 οῑκηῐοῦνται
1929 3022 2083 3073 Λυδοί.
2154 3025 2285 3074 Tunc
2316 3025 2473 3087 igitur
2491 3025 2682 3074 inventa

1617 3107 1898 3153 tesserarum
1911 3118 1967 3152 ac
1982 3104 2186 3151 talorum
2202 3109 2249 3152 et
2265 3104 2376 3166 pilae
2402 3109 2682 3155 ceterorum·
2721 3137 2725 3142 -

1619 3193 1704 3241 que
1736 3179 1950 3228 ludorum
1991 3179 2199 3228 omnium
2243 3194 2439 3241 genera,
2484 3186 2684 3243 prater-

1620 3269 1758 3317 quam
1791 3257 2103 3304 calcuuoram:
2167 3255 2332 3303 horum
2361 3256 2485 3304 enim
2521 3255 2683 3306 inven-

1617 3329 1791 3379 tionem
1810 3330 1903 3378 sibi
1932 3345 2024 3379 nou
2058 3330 2301 3379 vindicant
2329 3331 2471 3395 Lydi.
2540 3333 2680 3386 Cave

1617 3413 1790 3456 autem
1814 3406 2103 3471 diligenter,
2119 3413 2178 3456 ut
2195 3406 2268 3456 sic
2292 3407 2475 3457 Latine
2493 3408 2682 3459 reddas

1617 3488 1820 3531 textum
1859 3482 2025 3542 hunc;
2072 3482 2289 3531 maxime
2330 3498 2453 3532 vero
2497 3498 2680 3534 vocem

1616 3558 1804 3606 πεσσῶν
1838 3557 1903 3606 de
1935 3557 2148 3607 calculis
2182 3559 2458 3624 intelligas,
2481 3575 2580 3611 non
2611 3561 2679 3612 de

1621 3631 1773 3693 talis;
1807 3638 1867 3680 ut
1896 3631 2203 3681 ‘dormitanti
2236 3633 2403 3683 vauae
2437 3635 2677 3699 contigit,

1618 3706 1739 3755 dum
1788 3707 2078 3770 elegantem
2120 3708 2283 3773 magis
2331 3723 2482 3773 quam
2528 3724 2677 3759 accu-

1618 3793 1782 3834 ratam
1840 3785 2323 3849 interpretationem
2366 3787 2674 3838 elaboravit.

1617 3860 1765 3911 Quod
1790 3866 1845 3910 et
1869 3860 2032 3910 sensit
2075 3861 2333 3911 Henricus
2368 3862 2678 3932 Stephanus,

1617 3936 1823 4001 ejusque
1862 3951 1962 3985 nou
2001 3936 2083 3987 hic
2120 3944 2341 3999 tantum,
2361 3937 2450 3986 sed
2486 3937 2675 4002 passim

1619 4026 1821 4062 errores
1868 4011 2175 4062 emendavit.
2242 4011 2442 4064 Vallum
2486 4012 2678 4064 fefellit

1620 4094 1681 4136 ut
1726 4095 1782 4137 et
1826 4087 1953 4137 alios
1987 4089 2298 4151 complures,
2336 4089 2474 4154 quod
2518 4089 2676 4141 voces

1616 4161 1733 4214 istae
1755 4160 1890 4222 κύβοι
1921 4162 2109 4229 naevi,
2139 4163 2305 4222 κυβεία
2323 4164 2535 4230 πεττεία,
2554 4180 2674 4235 pro-

2970 195 2985 472 -—-
