<?xml version="1.0" encoding="UTF-8"?>
<!DOCTYPE html PUBLIC "-//W3C//DTD XHTML 1.0 Transitional//EN"
    "http://www.w3.org/TR/xhtml1/DTD/xhtml1-transitional.dtd">
<html xmlns="http://www.w3.org/1999/xhtml" xml:lang="en" lang="en">
 <head>
  <title>
</title>
<meta http-equiv="Content-Type" content="text/html;charset=utf-8" />
  <meta name='ocr-system' content='tesseract 3.04.00' />
  <meta name='ocr-capabilities' content='ocr_page ocr_carea ocr_par ocr_line ocrx_word'/>
</head>
<body>
  <div class='ocr_page' id='page_1' title='image "./operaomnia02juvegoog_0092.png"; bbox 0 0 2992 4859; ppageno 0'>
   <div class='ocr_carea' id='block_1_1' title="bbox 434 303 1919 375">
    <p class='ocr_par' dir='ltr' id='par_1_1' title="bbox 434 303 1919 375">
     <span class='ocr_line' id='line_1_1' title="bbox 434 303 1919 375; baseline -0.005 0"><span class='ocrx_word' id='word_1_1' title='bbox 434 303 613 375; x_wconf 69' lang='lat'>1262</span> <span class='ocrx_word' id='word_1_2' title='bbox 1146 318 1536 369; x_wconf 67' lang='lat' dir='ltr'>Rsscssnsus</span> <span class='ocrx_word' id='word_1_3' title='bbox 1579 319 1919 369; x_wconf 65' lang='lat' dir='ltr'>conicum</span> 
     </span>
    </p>
   </div>
   <div class='ocr_carea' id='block_1_2' title="bbox 498 511 2568 688">
    <p class='ocr_par' dir='ltr' id='par_1_2' title="bbox 498 511 2568 688">
     <span class='ocr_line' id='line_1_2' title="bbox 498 511 2568 579; baseline -0.003 -1"><span class='ocrx_word' id='word_1_4' title='bbox 498 516 737 579; x_wconf 81' lang='lat' dir='ltr'><strong>XVIII.</strong></span> <span class='ocrx_word' id='word_1_5' title='bbox 777 515 1136 578; x_wconf 88' lang='lat' dir='ltr'>CODICES</span> <span class='ocrx_word' id='word_1_6' title='bbox 1179 516 1411 576; x_wconf 89' lang='lat' dir='ltr'>NUNC</span> <span class='ocrx_word' id='word_1_7' title='bbox 1456 516 1794 575; x_wconf 84' lang='lat' dir='ltr'>PRIMUM</span> <span class='ocrx_word' id='word_1_8' title='bbox 1840 513 1944 573; x_wconf 81' lang='lat' dir='ltr'>ET</span> <span class='ocrx_word' id='word_1_9' title='bbox 1987 511 2346 576; x_wconf 89' lang='lat' dir='ltr'>TANTUM</span> <span class='ocrx_word' id='word_1_10' title='bbox 2386 511 2568 573; x_wconf 77' lang='lat' dir='ltr'>NON</span> 
     </span>
     <span class='ocr_line' id='line_1_3' title="bbox 979 627 2089 688; baseline -0.003 0"><span class='ocrx_word' id='word_1_11' title='bbox 979 627 1271 688; x_wconf 83' lang='lat' dir='ltr'>OMNES</span> <span class='ocrx_word' id='word_1_12' title='bbox 1317 635 1367 687; x_wconf 82' lang='lat' dir='ltr'>A</span> <span class='ocrx_word' id='word_1_13' title='bbox 1417 630 1661 687; x_wconf 82' lang='lat' dir='ltr'>NOBIS</span> <span class='ocrx_word' id='word_1_14' title='bbox 1714 627 2089 687; x_wconf 76' lang='lat' dir='ltr'><strong>COLLATI.</strong></span> 
     </span>
    </p>
   </div>
   <div class='ocr_carea' id='block_1_3' title="bbox 376 752 2668 3549">
    <p class='ocr_par' dir='ltr' id='par_1_3' title="bbox 376 752 2668 3549">
     <span class='ocr_line' id='line_1_4' title="bbox 523 752 1703 835; baseline -0.005 -15"><span class='ocrx_word' id='word_1_15' title='bbox 523 767 620 820; x_wconf 99' lang='grc'>10.</span> <span class='ocrx_word' id='word_1_16' title='bbox 665 756 1130 828; x_wconf 72' lang='grc' dir='ltr'>δἐΙιωαηίαηιιε,</span> <span class='ocrx_word' id='word_1_17' title='bbox 1160 774 1316 814; x_wconf 84' lang='lat' dir='ltr'>nunc</span> <span class='ocrx_word' id='word_1_18' title='bbox 1345 752 1703 835; x_wconf 72' lang='lat' dir='ltr'>Altovfimts,</span> 
     </span>
     <span class='ocr_line' id='line_1_5' title="bbox 436 835 2668 938; baseline -0.004 -20"><span class='ocrx_word' id='word_1_19' title='bbox 436 857 541 938; x_wconf 85' lang='lat' dir='ltr'>qui</span> <span class='ocrx_word' id='word_1_20' title='bbox 567 854 700 917; x_wconf 89' lang='lat' dir='ltr'>olim</span> <span class='ocrx_word' id='word_1_21' title='bbox 732 854 921 914; x_wconf 81' lang='lat' dir='ltr'>fuerat</span> <span class='ocrx_word' id='word_1_22' title='bbox 950 853 1088 913; x_wconf 78' lang='lat' dir='ltr'>Chr.</span> <span class='ocrx_word' id='word_1_23' title='bbox 1119 852 1314 913; x_wconf 85' lang='lat' dir='ltr'>Gottl.</span> <span class='ocrx_word' id='word_1_24' title='bbox 1343 852 1693 922; x_wconf 80' lang='lat' dir='ltr'>Schwarzio,</span> <span class='ocrx_word' id='word_1_25' title='bbox 1723 850 2100 912; x_wconf 87' lang='lat' dir='ltr'>celeberrimo</span> <span class='ocrx_word' id='word_1_26' title='bbox 2121 850 2421 931; x_wconf 74' lang='lat' dir='ltr'>quondam</span> <span class='ocrx_word' id='word_1_27' title='bbox 2448 849 2549 928; x_wconf 71' lang='lat' dir='ltr'>(ab</span> <span class='ocrx_word' id='word_1_28' title='bbox 2583 835 2668 911; x_wconf 49' lang='lat' dir='ltr'>as</span> 
     </span>
     <span class='ocr_line' id='line_1_6' title="bbox 442 948 2643 1026; baseline -0.004 -12"><span class='ocrx_word' id='word_1_29' title='bbox 442 960 620 1024; x_wconf 84' lang='grc'><strong>1709.</strong></span> <span class='ocrx_word' id='word_1_30' title='bbox 647 952 722 1011; x_wconf 75' lang='lat' dir='ltr'>ad</span> <span class='ocrx_word' id='word_1_31' title='bbox 759 954 959 1026; x_wconf 85' lang='lat'><strong>1751.)</strong></span> <span class='ocrx_word' id='word_1_32' title='bbox 1004 950 1162 1010; x_wconf 84' lang='lat' dir='ltr'>Prof.</span> <span class='ocrx_word' id='word_1_33' title='bbox 1211 948 1518 1020; x_wconf 85' lang='lat' dir='ltr'>Altorfino,</span> <span class='ocrx_word' id='word_1_34' title='bbox 1579 956 1641 1007; x_wconf 90' lang='lat' dir='ltr'>et</span> <span class='ocrx_word' id='word_1_35' title='bbox 1694 967 1851 1006; x_wconf 83' lang='lat' dir='ltr'>nunc</span> <span class='ocrx_word' id='word_1_36' title='bbox 1900 948 2137 1008; x_wconf 67' lang='lat' dir='ltr'>Alton-fii</span> <span class='ocrx_word' id='word_1_37' title='bbox 2183 949 2239 1008; x_wconf 90' lang='lat' dir='ltr'>in</span> <span class='ocrx_word' id='word_1_38' title='bbox 2284 948 2643 1007; x_wconf 76' lang='lat' dir='ltr'>bibliotheca</span> 
     </span>
     <span class='ocr_line' id='line_1_7' title="bbox 434 1043 2642 1122; baseline -0.003 -11"><span class='ocrx_word' id='word_1_39' title='bbox 434 1050 771 1111; x_wconf 71' lang='lat' dir='ltr'>academica</span> <span class='ocrx_word' id='word_1_40' title='bbox 818 1057 1102 1107; x_wconf 77' lang='lat' dir='ltr'>servatur.</span> <span class='ocrx_word' id='word_1_41' title='bbox 1188 1044 1531 1106; x_wconf 59' lang='lat' dir='ltr'>lectionum</span> <span class='ocrx_word' id='word_1_42' title='bbox 1579 1044 1710 1122; x_wconf 83' lang='lat' dir='ltr'>ejus</span> <span class='ocrx_word' id='word_1_43' title='bbox 1765 1043 2086 1121; x_wconf 78' lang='lat' dir='ltr'>specimina</span> <span class='ocrx_word' id='word_1_44' title='bbox 2139 1044 2305 1105; x_wconf 88' lang='lat' dir='ltr'>dedit</span> <span class='ocrx_word' id='word_1_45' title='bbox 2345 1044 2472 1104; x_wconf 88' lang='lat' dir='ltr'>Ulr.</span> <span class='ocrx_word' id='word_1_46' title='bbox 2498 1044 2642 1104; x_wconf 83' lang='lat' dir='ltr'>Seb.</span> 
     </span>
     <span class='ocr_line' id='line_1_8' title="bbox 432 1137 2647 1224; baseline -0.003 -18"><span class='ocrx_word' id='word_1_47' title='bbox 432 1145 688 1206; x_wconf 81' lang='lat' dir='ltr'>Beckius</span> <span class='ocrx_word' id='word_1_48' title='bbox 712 1145 776 1205; x_wconf 88' lang='lat' dir='ltr'>in</span> <span class='ocrx_word' id='word_1_49' title='bbox 809 1145 976 1205; x_wconf 65' lang='lat' dir='ltr'>Oba-r.</span> <span class='ocrx_word' id='word_1_50' title='bbox 994 1142 1209 1224; x_wconf 66' lang='lat' dir='ltr'>philol.</span> <span class='ocrx_word' id='word_1_51' title='bbox 1237 1144 1306 1202; x_wconf 72' lang='lat' dir='ltr'>in</span> <span class='ocrx_word' id='word_1_52' title='bbox 1337 1142 1592 1220; x_wconf 71' lang='lat' dir='ltr'>Satyrus</span> <span class='ocrx_word' id='word_1_53' title='bbox 1604 1137 1915 1200; x_wconf 70' lang='lat' dir='ltr'>Juvenalie</span> <span class='ocrx_word' id='word_1_54' title='bbox 1929 1140 2078 1202; x_wconf 74' lang='lat' dir='ltr'>duas</span> <span class='ocrx_word' id='word_1_55' title='bbox 2093 1145 2349 1221; x_wconf 72' lang='lat' dir='ltr'>priores,</span> <span class='ocrx_word' id='word_1_56' title='bbox 2378 1138 2647 1218; x_wconf 73' lang='lat' dir='ltr'>&lt;Altorfii</span> 
     </span>
     <span class='ocr_line' id='line_1_9' title="bbox 440 1238 2646 1320; baseline -0.003 -16"><span class='ocrx_word' id='word_1_57' title='bbox 440 1250 618 1311; x_wconf 73' lang='lat'><strong>1732.</strong></span> <span class='ocrx_word' id='word_1_58' title='bbox 645 1245 733 1316; x_wconf 83' lang='lat'>4.)</span> <span class='ocrx_word' id='word_1_59' title='bbox 760 1242 862 1302; x_wconf 88' lang='lat' dir='ltr'>ubi</span> <span class='ocrx_word' id='word_1_60' title='bbox 890 1262 1027 1320; x_wconf 82' lang='lat' dir='ltr'>pag.</span> <span class='ocrx_word' id='word_1_61' title='bbox 1056 1251 1116 1303; x_wconf 84' lang='grc'>3.</span> <span class='ocrx_word' id='word_1_62' title='bbox 1146 1250 1366 1314; x_wconf 88' lang='lat' dir='ltr'>monet,</span> <span class='ocrx_word' id='word_1_63' title='bbox 1397 1241 1663 1301; x_wconf 77' lang='lat' dir='ltr'>codicem</span> <span class='ocrx_word' id='word_1_64' title='bbox 1706 1257 1829 1298; x_wconf 79' lang='lat' dir='ltr'>esse</span> <span class='ocrx_word' id='word_1_65' title='bbox 1871 1248 2099 1315; x_wconf 81' lang='lat' dir='ltr'>quartae</span> <span class='ocrx_word' id='word_1_66' title='bbox 2127 1238 2331 1299; x_wconf 82' lang='lat' dir='ltr'>formae</span> <span class='ocrx_word' id='word_1_67' title='bbox 2359 1239 2646 1298; x_wconf 76' lang='lat' dir='ltr'>membra·-</span> 
     </span>
     <span class='ocr_line' id='line_1_10' title="bbox 432 1334 2649 1422; baseline -0.003 -21"><span class='ocrx_word' id='word_1_68' title='bbox 432 1358 682 1401; x_wconf 68' lang='lat' dir='ltr'>nnceum</span> <span class='ocrx_word' id='word_1_69' title='bbox 712 1340 867 1399; x_wconf 81' lang='lat' dir='ltr'>baud</span> <span class='ocrx_word' id='word_1_70' title='bbox 898 1341 1065 1398; x_wconf 82' lang='lat' dir='ltr'>malae</span> <span class='ocrx_word' id='word_1_71' title='bbox 1091 1348 1269 1411; x_wconf 70' lang='lat' dir='ltr'>nota»,</span> <span class='ocrx_word' id='word_1_72' title='bbox 1313 1339 1417 1418; x_wconf 85' lang='lat' dir='ltr'>qui</span> <span class='ocrx_word' id='word_1_73' title='bbox 1460 1358 1601 1398; x_wconf 87' lang='lat' dir='ltr'>cum</span> <span class='ocrx_word' id='word_1_74' title='bbox 1641 1334 2201 1396; x_wconf 76' lang='lat' dir='ltr'>Schurzfleiscbiano</span> <span class='ocrx_word' id='word_1_75' title='bbox 2242 1334 2483 1395; x_wconf 85' lang='lat' dir='ltr'>mirifice</span> <span class='ocrx_word' id='word_1_76' title='bbox 2510 1354 2649 1422; x_wconf 78' lang='lat' dir='ltr'>con·</span> 
     </span>
     <span class='ocr_line' id='line_1_11' title="bbox 435 1433 2648 1515; baseline -0.002 -18"><span class='ocrx_word' id='word_1_77' title='bbox 435 1436 670 1509; x_wconf 76' lang='lat' dir='ltr'>sentiat,</span> <span class='ocrx_word' id='word_1_78' title='bbox 699 1441 760 1497; x_wconf 81' lang='lat' dir='ltr'>et</span> <span class='ocrx_word' id='word_1_79' title='bbox 785 1436 885 1496; x_wconf 88' lang='lat' dir='ltr'>cui</span> <span class='ocrx_word' id='word_1_80' title='bbox 914 1436 1138 1495; x_wconf 82' lang='lat' dir='ltr'>scholia</span> <span class='ocrx_word' id='word_1_81' title='bbox 1165 1435 1443 1515; x_wconf 80' lang='lat' dir='ltr'>quaedam</span> <span class='ocrx_word' id='word_1_82' title='bbox 1491 1446 1615 1495; x_wconf 87' lang='lat' dir='ltr'>tum</span> <span class='ocrx_word' id='word_1_83' title='bbox 1659 1435 1717 1492; x_wconf 89' lang='lat' dir='ltr'>in</span> <span class='ocrx_word' id='word_1_84' title='bbox 1765 1433 1949 1504; x_wconf 79' lang='lat' dir='ltr'>calce,</span> <span class='ocrx_word' id='word_1_85' title='bbox 1980 1443 2104 1493; x_wconf 89' lang='lat' dir='ltr'>tum</span> <span class='ocrx_word' id='word_1_86' title='bbox 2132 1433 2376 1513; x_wconf 77' lang='lat' dir='ltr'>sparsim</span> <span class='ocrx_word' id='word_1_87' title='bbox 2407 1434 2464 1492; x_wconf 89' lang='lat' dir='ltr'>iu</span> <span class='ocrx_word' id='word_1_88' title='bbox 2493 1449 2648 1492; x_wconf 83' lang='lat' dir='ltr'>mar-</span> 
     </span>
     <span class='ocr_line' id='line_1_12' title="bbox 432 1532 2647 1613; baseline -0.001 -20"><span class='ocrx_word' id='word_1_89' title='bbox 432 1535 562 1613; x_wconf 81' lang='lat' dir='ltr'>gine</span> <span class='ocrx_word' id='word_1_90' title='bbox 589 1533 798 1593; x_wconf 68' lang='lat' dir='ltr'>Sotirae</span> <span class='ocrx_word' id='word_1_91' title='bbox 826 1550 875 1593; x_wconf 89' lang='lat'>1.</span> <span class='ocrx_word' id='word_1_92' title='bbox 897 1534 1057 1594; x_wconf 78' lang='lat' dir='ltr'>allita</span> <span class='ocrx_word' id='word_1_93' title='bbox 1081 1533 1211 1593; x_wconf 81' lang='lat' dir='ltr'>sint.</span> <span class='ocrx_word' id='word_1_94' title='bbox 1282 1533 1551 1595; x_wconf 83' lang='lat' dir='ltr'>Eundem</span> <span class='ocrx_word' id='word_1_95' title='bbox 1577 1533 1798 1611; x_wconf 88' lang='lat' dir='ltr'>optime</span> <span class='ocrx_word' id='word_1_96' title='bbox 1843 1532 2122 1610; x_wconf 76' lang='lat' dir='ltr'>scriptum</span> <span class='ocrx_word' id='word_1_97' title='bbox 2149 1539 2211 1590; x_wconf 90' lang='lat' dir='ltr'>et</span> <span class='ocrx_word' id='word_1_98' title='bbox 2236 1538 2647 1591; x_wconf 73' lang='lat' dir='ltr'>conservatum</span> 
     </span>
     <span class='ocr_line' id='line_1_13' title="bbox 432 1625 2642 1703; baseline -0.002 -12"><span class='ocrx_word' id='word_1_99' title='bbox 432 1650 581 1703; x_wconf 76' lang='lat' dir='ltr'>esse,</span> <span class='ocrx_word' id='word_1_100' title='bbox 625 1631 801 1691; x_wconf 87' lang='lat' dir='ltr'>docet</span> <span class='ocrx_word' id='word_1_101' title='bbox 847 1640 1058 1690; x_wconf 81' lang='lat' dir='ltr'><strong>auctor</strong></span> <span class='ocrx_word' id='word_1_102' title='bbox 1086 1630 1218 1690; x_wconf 89' lang='lat' dir='ltr'>Vol.</span> <span class='ocrx_word' id='word_1_103' title='bbox 1249 1647 1327 1691; x_wconf 89' lang='lat'>11.</span> <span class='ocrx_word' id='word_1_104' title='bbox 1358 1630 1639 1690; x_wconf 82' lang='lat' dir='ltr'>Biblioth.</span> <span class='ocrx_word' id='word_1_105' title='bbox 1668 1632 1963 1691; x_wconf 78' lang='lat' dir='ltr'>Schwarz.</span> <span class='ocrx_word' id='word_1_106' title='bbox 2006 1627 2223 1688; x_wconf 85' lang='lat' dir='ltr'>Altorf.</span> <span class='ocrx_word' id='word_1_107' title='bbox 2269 1625 2445 1697; x_wconf 85' lang='lat'><strong>1769.</strong></span> <span class='ocrx_word' id='word_1_108' title='bbox 2475 1635 2537 1686; x_wconf 86' lang='lat' dir='ltr'>et</span> <span class='ocrx_word' id='word_1_109' title='bbox 2561 1626 2642 1687; x_wconf 83' lang='lat' dir='ltr'>ad</span> 
     </span>
     <span class='ocr_line' id='line_1_14' title="bbox 436 1721 2648 1802; baseline -0.003 -13"><span class='ocrx_word' id='word_1_110' title='bbox 436 1728 730 1789; x_wconf 79' lang='lat' dir='ltr'>Saecuium</span> <span class='ocrx_word' id='word_1_111' title='bbox 773 1744 939 1788; x_wconf 81' lang='lat' dir='ltr'><strong>xnl.</strong></span> <span class='ocrx_word' id='word_1_112' title='bbox 987 1727 1168 1787; x_wconf 82' lang='lat' dir='ltr'><strong>refert</strong></span> <span class='ocrx_word' id='word_1_113' title='bbox 1207 1748 1340 1787; x_wconf 87' lang='lat' dir='ltr'>eum</span> <span class='ocrx_word' id='word_1_114' title='bbox 1382 1729 1660 1789; x_wconf 84' lang='lat' dir='ltr'>Mannert</span> <span class='ocrx_word' id='word_1_115' title='bbox 1711 1729 1769 1788; x_wconf 87' lang='lat' dir='ltr'>in</span> <span class='ocrx_word' id='word_1_116' title='bbox 1816 1726 2226 1795; x_wconf 67' lang='lat' dir='ltr'>MiscellaneiS,</span> <span class='ocrx_word' id='word_1_117' title='bbox 2269 1721 2648 1802; x_wconf 81' lang='lat' dir='ltr'>diplomatici</span> 
     </span>
     <span class='ocr_line' id='line_1_15' title="bbox 434 1820 2649 1904; baseline -0.001 -20"><span class='ocrx_word' id='word_1_118' title='bbox 434 1824 803 1902; x_wconf 76' lang='lat' dir='ltr'>potissimum</span> <span class='ocrx_word' id='word_1_119' title='bbox 845 1822 1197 1902; x_wconf 80' lang='lat' dir='ltr'>argumenti,</span> <span class='ocrx_word' id='word_1_120' title='bbox 1227 1824 1511 1883; x_wconf 84' lang='lat' dir='ltr'><strong>German.</strong></span> <span class='ocrx_word' id='word_1_121' title='bbox 1560 1825 1793 1904; x_wconf 82' lang='lat' dir='ltr'>scriptis</span> <span class='ocrx_word' id='word_1_122' title='bbox 1838 1824 2123 1902; x_wconf 77' lang='lat' dir='ltr'>editisque</span> <span class='ocrx_word' id='word_1_123' title='bbox 2160 1820 2432 1882; x_wconf 82' lang='lat' dir='ltr'>Norimb.</span> <span class='ocrx_word' id='word_1_124' title='bbox 2469 1827 2649 1892; x_wconf 86' lang='lat'><strong>1795.</strong></span> 
     </span>
     <span class='ocr_line' id='line_1_16' title="bbox 438 1911 2650 1982; baseline -0.002 -2"><span class='ocrx_word' id='word_1_125' title='bbox 438 1920 683 1980; x_wconf 81' lang='lat' dir='ltr'>Satiram</span> <span class='ocrx_word' id='word_1_126' title='bbox 713 1937 843 1981; x_wconf 85' lang='lat' dir='ltr'>vu.</span> <span class='ocrx_word' id='word_1_127' title='bbox 871 1941 943 1980; x_wconf 81' lang='lat' dir='ltr'>ex</span> <span class='ocrx_word' id='word_1_128' title='bbox 990 1920 1091 1979; x_wconf 84' lang='lat' dir='ltr'>illo</span> <span class='ocrx_word' id='word_1_129' title='bbox 1142 1920 1485 1981; x_wconf 76' lang='lat' dir='ltr'>venerabilis</span> <span class='ocrx_word' id='word_1_130' title='bbox 1528 1911 1849 1982; x_wconf 58' lang='lat' dir='ltr'>acedemiae</span> <span class='ocrx_word' id='word_1_131' title='bbox 1894 1918 2115 1980; x_wconf 82' lang='lat' dir='ltr'>Altors.</span> <span class='ocrx_word' id='word_1_132' title='bbox 2154 1917 2358 1978; x_wconf 79' lang='lat' dir='ltr'>Senior</span> <span class='ocrx_word' id='word_1_133' title='bbox 2401 1917 2540 1977; x_wconf 86' lang='lat' dir='ltr'>Wiu</span> <span class='ocrx_word' id='word_1_134' title='bbox 2586 1918 2650 1977; x_wconf 88' lang='lat' dir='ltr'>in</span> 
     </span>
     <span class='ocr_line' id='line_1_17' title="bbox 437 2014 2648 2096; baseline -0 -20"><span class='ocrx_word' id='word_1_135' title='bbox 437 2035 606 2077; x_wconf 79' lang='lat' dir='ltr'>usum</span> <span class='ocrx_word' id='word_1_136' title='bbox 635 2017 927 2096; x_wconf 83' lang='lat' dir='ltr'>praelectt.</span> <span class='ocrx_word' id='word_1_137' title='bbox 958 2036 1195 2077; x_wconf 79' lang='lat' dir='ltr'>suarum</span> <span class='ocrx_word' id='word_1_138' title='bbox 1225 2019 1376 2096; x_wconf 82' lang='lat' dir='ltr'>typis</span> <span class='ocrx_word' id='word_1_139' title='bbox 1401 2018 1838 2096; x_wconf 82' lang='lat' dir='ltr'>exprimendam</span> <span class='ocrx_word' id='word_1_140' title='bbox 1869 2016 2092 2078; x_wconf 82' lang='lat' dir='ltr'>curavit</span> <span class='ocrx_word' id='word_1_141' title='bbox 2118 2035 2170 2075; x_wconf 78' lang='lat' dir='ltr'>a.</span> <span class='ocrx_word' id='word_1_142' title='bbox 2209 2014 2380 2084; x_wconf 85' lang='lat'><strong>1760.</strong></span> <span class='ocrx_word' id='word_1_143' title='bbox 2420 2015 2648 2075; x_wconf 86' lang='lat' dir='ltr'>Totum</span> 
     </span>
     <span class='ocr_line' id='line_1_18' title="bbox 433 2113 2647 2194; baseline 0 -23"><span class='ocrx_word' id='word_1_144' title='bbox 433 2132 572 2173; x_wconf 82' lang='lat' dir='ltr'>vero</span> <span class='ocrx_word' id='word_1_145' title='bbox 600 2113 867 2173; x_wconf 84' lang='lat' dir='ltr'>codicem</span> <span class='ocrx_word' id='word_1_146' title='bbox 897 2133 1008 2172; x_wconf 83' lang='lat' dir='ltr'>una</span> <span class='ocrx_word' id='word_1_147' title='bbox 1038 2132 1176 2174; x_wconf 89' lang='lat' dir='ltr'>cum</span> <span class='ocrx_word' id='word_1_148' title='bbox 1206 2113 1466 2194; x_wconf 87' lang='lat' dir='ltr'>quinque</span> <span class='ocrx_word' id='word_1_149' title='bbox 1490 2113 1660 2174; x_wconf 85' lang='lat' dir='ltr'>editt.</span> <span class='ocrx_word' id='word_1_150' title='bbox 1692 2123 1839 2174; x_wconf 86' lang='lat' dir='ltr'>antt.</span> <span class='ocrx_word' id='word_1_151' title='bbox 1869 2115 2044 2192; x_wconf 84' lang='lat' dir='ltr'>(Ven.</span> <span class='ocrx_word' id='word_1_152' title='bbox 2079 2121 2252 2184; x_wconf 87' lang='lat'>1491.</span> <span class='ocrx_word' id='word_1_153' title='bbox 2281 2117 2456 2172; x_wconf 80' lang='lat'><strong>1512.</strong></span> <span class='ocrx_word' id='word_1_154' title='bbox 2482 2113 2647 2172; x_wconf 82' lang='lat' dir='ltr'>Brix.</span> 
     </span>
     <span class='ocr_line' id='line_1_19' title="bbox 439 2208 2649 2290; baseline 0.001 -23"><span class='ocrx_word' id='word_1_155' title='bbox 439 2217 616 2271; x_wconf 83' lang='grc'><strong>1501.</strong></span> <span class='ocrx_word' id='word_1_156' title='bbox 646 2210 806 2288; x_wconf 82' lang='lat' dir='ltr'>Lips.</span> <span class='ocrx_word' id='word_1_157' title='bbox 841 2216 1015 2269; x_wconf 77' lang='lat'><strong>1504.</strong></span> <span class='ocrx_word' id='word_1_158' title='bbox 1059 2218 1120 2268; x_wconf 92' lang='lat' dir='ltr'>et</span> <span class='ocrx_word' id='word_1_159' title='bbox 1162 2211 1404 2287; x_wconf 85' lang='lat' dir='ltr'>Argent.</span> <span class='ocrx_word' id='word_1_160' title='bbox 1453 2214 1656 2285; x_wconf 76' lang='lat'><strong>1527.)</strong></span> <span class='ocrx_word' id='word_1_161' title='bbox 1681 2221 1717 2271; x_wconf 74' lang='lat' dir='ltr'>a</span> <span class='ocrx_word' id='word_1_162' title='bbox 1744 2209 2036 2290; x_wconf 88' lang='lat' dir='ltr'>principio</span> <span class='ocrx_word' id='word_1_163' title='bbox 2064 2209 2140 2268; x_wconf 85' lang='lat' dir='ltr'>ad</span> <span class='ocrx_word' id='word_1_164' title='bbox 2170 2208 2349 2268; x_wconf 85' lang='lat' dir='ltr'>finem</span> <span class='ocrx_word' id='word_1_165' title='bbox 2376 2210 2649 2289; x_wconf 82' lang='lat' dir='ltr'>exemplo</span> 
     </span>
     <span class='ocr_line' id='line_1_20' title="bbox 433 2305 2646 2389; baseline -0 -24"><span class='ocrx_word' id='word_1_166' title='bbox 433 2305 703 2366; x_wconf 82' lang='lat' dir='ltr'>editionis</span> <span class='ocrx_word' id='word_1_167' title='bbox 745 2305 1080 2385; x_wconf 81' lang='lat' dir='ltr'>Bipontinae</span> <span class='ocrx_word' id='word_1_168' title='bbox 1122 2307 1486 2386; x_wconf 83' lang='lat' dir='ltr'>comparavit</span> <span class='ocrx_word' id='word_1_169' title='bbox 1529 2308 1621 2368; x_wconf 88' lang='lat' dir='ltr'>cl.</span> <span class='ocrx_word' id='word_1_170' title='bbox 1651 2308 2000 2389; x_wconf 68' lang='lat' dir='ltr'>Nothnagel</span> <span class='ocrx_word' id='word_1_171' title='bbox 2031 2306 2537 2386; x_wconf 77' lang='lat' dir='ltr'>Norimbergensis</span> <span class='ocrx_word' id='word_1_172' title='bbox 2567 2310 2646 2367; x_wconf 83' lang='lat' dir='ltr'>A.</span> 
     </span>
     <span class='ocr_line' id='line_1_21' title="bbox 432 2401 2644 2480; baseline 0.002 -19"><span class='ocrx_word' id='word_1_173' title='bbox 432 2403 499 2463; x_wconf 91' lang='lat' dir='ltr'>L.</span> <span class='ocrx_word' id='word_1_174' title='bbox 530 2404 620 2462; x_wconf 89' lang='grc' dir='ltr'>Μ.</span> <span class='ocrx_word' id='word_1_175' title='bbox 651 2402 776 2480; x_wconf 89' lang='lat' dir='ltr'>qui,</span> <span class='ocrx_word' id='word_1_176' title='bbox 805 2411 872 2461; x_wconf 87' lang='lat' dir='ltr'>ut</span> <span class='ocrx_word' id='word_1_177' title='bbox 900 2403 1120 2462; x_wconf 89' lang='lat' dir='ltr'>honore</span> <span class='ocrx_word' id='word_1_178' title='bbox 1161 2402 1508 2463; x_wconf 81' lang='lat' dir='ltr'>academico</span> <span class='ocrx_word' id='word_1_179' title='bbox 1560 2413 1881 2474; x_wconf 80' lang='lat' dir='ltr'>ornaretur,</span> <span class='ocrx_word' id='word_1_180' title='bbox 1915 2401 2152 2462; x_wconf 84' lang='lat' dir='ltr'>Altorfii</span> <span class='ocrx_word' id='word_1_181' title='bbox 2191 2401 2255 2461; x_wconf 86' lang='lat' dir='ltr'>d.</span> <span class='ocrx_word' id='word_1_182' title='bbox 2284 2417 2470 2463; x_wconf 77' lang='lat' dir='ltr'><strong>Xxn.</strong></span> <span class='ocrx_word' id='word_1_183' title='bbox 2497 2405 2644 2466; x_wconf 86' lang='lat' dir='ltr'>Jun.</span> 
     </span>
     <span class='ocr_line' id='line_1_22' title="bbox 430 2497 2648 2579; baseline 0.001 -21"><span class='ocrx_word' id='word_1_184' title='bbox 430 2518 485 2558; x_wconf 79' lang='lat' dir='ltr'>a.</span> <span class='ocrx_word' id='word_1_185' title='bbox 521 2505 697 2566; x_wconf 86' lang='grc'><strong>1797.</strong></span> <span class='ocrx_word' id='word_1_186' title='bbox 729 2497 963 2576; x_wconf 84' lang='lat' dir='ltr'>publice</span> <span class='ocrx_word' id='word_1_187' title='bbox 991 2497 1335 2558; x_wconf 79' lang='lat' dir='ltr'>defenderat</span> <span class='ocrx_word' id='word_1_188' title='bbox 1362 2516 1483 2560; x_wconf 85' lang='lat' dir='ltr'>xx.</span> <span class='ocrx_word' id='word_1_189' title='bbox 1511 2500 1739 2560; x_wconf 69' lang='lat' dir='ltr'>Theseu</span> <span class='ocrx_word' id='word_1_190' title='bbox 1783 2501 1862 2560; x_wconf 79' lang='lat' dir='ltr'>ad</span> <span class='ocrx_word' id='word_1_191' title='bbox 1911 2500 2115 2579; x_wconf 68' lang='lat' dir='ltr'>poesin</span> <span class='ocrx_word' id='word_1_192' title='bbox 2158 2497 2446 2559; x_wconf 71' lang='lat' dir='ltr'>satiricum</span> <span class='ocrx_word' id='word_1_193' title='bbox 2476 2519 2648 2579; x_wconf 86' lang='lat' dir='ltr'>spec·</span> 
     </span>
     <span class='ocr_line' id='line_1_23' title="bbox 433 2593 2646 2678; baseline 0.002 -25"><span class='ocrx_word' id='word_1_194' title='bbox 433 2603 641 2666; x_wconf 79' lang='lat' dir='ltr'>tantes,</span> <span class='ocrx_word' id='word_1_195' title='bbox 671 2593 1153 2673; x_wconf 75' lang='lat' dir='ltr'>promiseratque,</span> <span class='ocrx_word' id='word_1_196' title='bbox 1183 2616 1245 2672; x_wconf 66' lang='lat' dir='ltr'>ge</span> <span class='ocrx_word' id='word_1_197' title='bbox 1273 2596 1613 2678; x_wconf 87' lang='lat' dir='ltr'>propediem</span> <span class='ocrx_word' id='word_1_198' title='bbox 1642 2598 1986 2658; x_wconf 82' lang='lat' dir='ltr'>emissurum</span> <span class='ocrx_word' id='word_1_199' title='bbox 2011 2617 2134 2656; x_wconf 83' lang='lat' dir='ltr'>esse</span> <span class='ocrx_word' id='word_1_200' title='bbox 2165 2597 2472 2658; x_wconf 78' lang='lat' dir='ltr'>Dissertat.</span> <span class='ocrx_word' id='word_1_201' title='bbox 2506 2618 2646 2678; x_wconf 73' lang='lat' dir='ltr'>quae</span> 
     </span>
     <span class='ocr_line' id='line_1_24' title="bbox 376 2679 2649 2772; baseline 0.003 -25"><span class='ocrx_word' id='word_1_202' title='bbox 376 2679 403 2702; x_wconf 80' lang='lat'><strong><em>‘</em></strong></span> <span class='ocrx_word' id='word_1_203' title='bbox 432 2690 769 2750; x_wconf 76' lang='lat' dir='ltr'>varietatem</span> <span class='ocrx_word' id='word_1_204' title='bbox 800 2691 1116 2751; x_wconf 81' lang='lat' dir='ltr'>lectionum</span> <span class='ocrx_word' id='word_1_205' title='bbox 1138 2712 1211 2750; x_wconf 83' lang='lat' dir='ltr'>ex</span> <span class='ocrx_word' id='word_1_206' title='bbox 1238 2693 1399 2752; x_wconf 80' lang='lat' dir='ltr'>libris</span> <span class='ocrx_word' id='word_1_207' title='bbox 1427 2693 1535 2753; x_wconf 82' lang='lat' dir='ltr'>iuis</span> <span class='ocrx_word' id='word_1_208' title='bbox 1566 2705 1896 2771; x_wconf 81' lang='lat' dir='ltr'>excerptam</span> <span class='ocrx_word' id='word_1_209' title='bbox 1922 2692 2287 2763; x_wconf 85' lang='lat' dir='ltr'>contineret;</span> <span class='ocrx_word' id='word_1_210' title='bbox 2332 2692 2436 2752; x_wconf 80' lang='lat' dir='ltr'>sed</span> <span class='ocrx_word' id='word_1_211' title='bbox 2464 2695 2649 2772; x_wconf 75' lang='lat' dir='ltr'>paulo</span> 
     </span>
     <span class='ocr_line' id='line_1_25' title="bbox 434 2787 2648 2870; baseline 0.002 -23"><span class='ocrx_word' id='word_1_212' title='bbox 434 2797 593 2866; x_wconf 80' lang='lat' dir='ltr'>post,</span> <span class='ocrx_word' id='word_1_213' title='bbox 623 2808 761 2848; x_wconf 89' lang='lat' dir='ltr'>cum</span> <span class='ocrx_word' id='word_1_214' title='bbox 789 2808 823 2848; x_wconf 84' lang='lat' dir='ltr'><strong>a</strong></span> <span class='ocrx_word' id='word_1_215' title='bbox 852 2787 978 2849; x_wconf 90' lang='lat' dir='ltr'>Cel.</span> <span class='ocrx_word' id='word_1_216' title='bbox 1011 2787 1241 2870; x_wconf 81' lang='lat' dir='ltr'>Koem’g</span> <span class='ocrx_word' id='word_1_217' title='bbox 1282 2798 1344 2849; x_wconf 88' lang='lat' dir='ltr'>et</span> <span class='ocrx_word' id='word_1_218' title='bbox 1390 2791 1686 2850; x_wconf 76' lang='lat' dir='ltr'>Mamm-t</span> <span class='ocrx_word' id='word_1_219' title='bbox 1736 2790 1910 2851; x_wconf 85' lang='lat' dir='ltr'>Proff.</span> <span class='ocrx_word' id='word_1_220' title='bbox 1941 2787 2193 2859; x_wconf 70' lang='lat' dir='ltr'>Altorff„</span> <span class='ocrx_word' id='word_1_221' title='bbox 2225 2809 2375 2866; x_wconf 88' lang='lat' dir='ltr'>quos</span> <span class='ocrx_word' id='word_1_222' title='bbox 2404 2810 2648 2870; x_wconf 80' lang='lat' dir='ltr'>rogave·</span> 
     </span>
     <span class='ocr_line' id='line_1_26' title="bbox 433 2885 2645 2964; baseline 0.002 -20"><span class='ocrx_word' id='word_1_223' title='bbox 433 2904 580 2956; x_wconf 82' lang='lat' dir='ltr'>ram,</span> <span class='ocrx_word' id='word_1_224' title='bbox 633 2894 699 2944; x_wconf 86' lang='lat' dir='ltr'>ut</span> <span class='ocrx_word' id='word_1_225' title='bbox 740 2885 880 2944; x_wconf 88' lang='lat' dir='ltr'>mibi</span> <span class='ocrx_word' id='word_1_226' title='bbox 923 2886 1304 2964; x_wconf 83' lang='lat' dir='ltr'>impetrarent</span> <span class='ocrx_word' id='word_1_227' title='bbox 1334 2907 1496 2946; x_wconf 88' lang='lat' dir='ltr'>usum</span> <span class='ocrx_word' id='word_1_228' title='bbox 1527 2887 1804 2948; x_wconf 87' lang='lat' dir='ltr'>codicum</span> <span class='ocrx_word' id='word_1_229' title='bbox 1835 2887 2206 2964; x_wconf 87' lang='lat' dir='ltr'>Norimberg.</span> <span class='ocrx_word' id='word_1_230' title='bbox 2238 2894 2296 2945; x_wconf 89' lang='lat' dir='ltr'>et</span> <span class='ocrx_word' id='word_1_231' title='bbox 2322 2886 2645 2949; x_wconf 68' lang='lat' dir='ltr'>Altorfino⁴</span> 
     </span>
     <span class='ocr_line' id='line_1_27' title="bbox 433 2983 2646 3061; baseline 0.002 -20"><span class='ocrx_word' id='word_1_232' title='bbox 433 3001 584 3052; x_wconf 87' lang='lat' dir='ltr'>rum,</span> <span class='ocrx_word' id='word_1_233' title='bbox 615 2983 1012 3060; x_wconf 77' lang='lat' dir='ltr'>comperisset,</span> <span class='ocrx_word' id='word_1_234' title='bbox 1053 3003 1089 3042; x_wconf 79' lang='lat' dir='ltr'>a</span> <span class='ocrx_word' id='word_1_235' title='bbox 1132 3004 1226 3043; x_wconf 89' lang='lat' dir='ltr'>me</span> <span class='ocrx_word' id='word_1_236' title='bbox 1267 2984 1584 3045; x_wconf 86' lang='lat' dir='ltr'>editionem</span> <span class='ocrx_word' id='word_1_237' title='bbox 1613 2988 1647 3047; x_wconf 89' lang='lat' dir='ltr'>J</span> <span class='ocrx_word' id='word_1_238' title='bbox 1657 2985 1913 3045; x_wconf 82' lang='lat' dir='ltr'>uvenalis</span> <span class='ocrx_word' id='word_1_239' title='bbox 1943 2984 2153 3061; x_wconf 66' lang='lat' dir='ltr'>parari,</span> <span class='ocrx_word' id='word_1_240' title='bbox 2183 2983 2248 3041; x_wconf 89' lang='lat' dir='ltr'>iis</span> <span class='ocrx_word' id='word_1_241' title='bbox 2276 2984 2646 3061; x_wconf 81' lang='lat' dir='ltr'>potissimum</span> 
     </span>
     <span class='ocr_line' id='line_1_28' title="bbox 435 3078 2649 3159; baseline 0.003 -22"><span class='ocrx_word' id='word_1_242' title='bbox 435 3078 776 3137; x_wconf 82' lang='lat' dir='ltr'>auctoribus</span> <span class='ocrx_word' id='word_1_243' title='bbox 806 3079 920 3138; x_wconf 90' lang='lat' dir='ltr'>hoc</span> <span class='ocrx_word' id='word_1_244' title='bbox 953 3079 1258 3139; x_wconf 83' lang='lat' dir='ltr'>consilium</span> <span class='ocrx_word' id='word_1_245' title='bbox 1279 3081 1521 3158; x_wconf 83' lang='lat' dir='ltr'>abjecit,</span> <span class='ocrx_word' id='word_1_246' title='bbox 1545 3081 1831 3159; x_wconf 85' lang='lat' dir='ltr'>illumque</span> <span class='ocrx_word' id='word_1_247' title='bbox 1859 3100 1979 3139; x_wconf 84' lang='lat' dir='ltr'>var.</span> <span class='ocrx_word' id='word_1_248' title='bbox 2011 3079 2326 3138; x_wconf 86' lang='lat' dir='ltr'>lectionum</span> <span class='ocrx_word' id='word_1_249' title='bbox 2347 3099 2649 3143; x_wconf 78' lang='lat' dir='ltr'>recensum</span> 
     </span>
     <span class='ocr_line' id='line_1_29' title="bbox 433 3174 2649 3255; baseline 0.003 -23"><span class='ocrx_word' id='word_1_250' title='bbox 433 3174 577 3233; x_wconf 87' lang='lat' dir='ltr'>mihi</span> <span class='ocrx_word' id='word_1_251' title='bbox 607 3174 759 3233; x_wconf 85' lang='lat' dir='ltr'>ultro</span> <span class='ocrx_word' id='word_1_252' title='bbox 783 3175 1035 3235; x_wconf 84' lang='lat' dir='ltr'>obtulit:</span> <span class='ocrx_word' id='word_1_253' title='bbox 1081 3197 1214 3255; x_wconf 84' lang='lat' dir='ltr'>quae</span> <span class='ocrx_word' id='word_1_254' title='bbox 1257 3197 1536 3255; x_wconf 81' lang='lat' dir='ltr'>generosa</span> <span class='ocrx_word' id='word_1_255' title='bbox 1560 3179 1832 3238; x_wconf 87' lang='lat' dir='ltr'>Virorum</span> <span class='ocrx_word' id='word_1_256' title='bbox 1879 3177 2429 3239; x_wconf 74' lang='lat' dir='ltr'>humanissimorum</span> <span class='ocrx_word' id='word_1_257' title='bbox 2471 3178 2649 3238; x_wconf 82' lang='lat' dir='ltr'>bene-</span> 
     </span>
     <span class='ocr_line' id='line_1_30' title="bbox 432 3271 1727 3352; baseline 0.005 -22"><span class='ocrx_word' id='word_1_258' title='bbox 432 3271 684 3333; x_wconf 81' lang='lat' dir='ltr'>volentia</span> <span class='ocrx_word' id='word_1_259' title='bbox 704 3292 1001 3352; x_wconf 81' lang='lat' dir='ltr'>nunquam</span> <span class='ocrx_word' id='word_1_260' title='bbox 1030 3295 1100 3334; x_wconf 85' lang='lat' dir='ltr'>ex</span> <span class='ocrx_word' id='word_1_261' title='bbox 1128 3275 1321 3335; x_wconf 80' lang='lat' dir='ltr'>animo</span> <span class='ocrx_word' id='word_1_262' title='bbox 1349 3296 1481 3337; x_wconf 91' lang='lat' dir='ltr'>meo</span> <span class='ocrx_word' id='word_1_263' title='bbox 1509 3275 1727 3338; x_wconf 86' lang='lat' dir='ltr'>effluet.</span> 
     </span>
     <span class='ocr_line' id='line_1_31' title="bbox 488 3371 1757 3452; baseline 0.003 -22"><span class='ocrx_word' id='word_1_264' title='bbox 488 3433 501 3442; x_wconf 55' lang='lat'>‚</span> <span class='ocrx_word' id='word_1_265' title='bbox 520 3382 613 3431; x_wconf 90' lang='grc'>11.</span> <span class='ocrx_word' id='word_1_266' title='bbox 646 3371 1257 3452; x_wconf 68' lang='lat' dir='ltr'>Schurzfleischianm,</span> <span class='ocrx_word' id='word_1_267' title='bbox 1290 3394 1337 3435; x_wconf 74' lang='grc' dir='ltr'>ε.</span> <span class='ocrx_word' id='word_1_268' title='bbox 1374 3375 1757 3435; x_wconf 63' lang='lat' dir='ltr'>Viam-insie-</span> 
     </span>
     <span class='ocr_line' id='line_1_32' title="bbox 434 3466 2644 3549; baseline 0.002 -23"><span class='ocrx_word' id='word_1_269' title='bbox 434 3466 576 3528; x_wconf 87' lang='lat' dir='ltr'>Vid.</span> <span class='ocrx_word' id='word_1_270' title='bbox 603 3487 739 3545; x_wconf 87' lang='lat' dir='ltr'>quae</span> <span class='ocrx_word' id='word_1_271' title='bbox 767 3485 944 3546; x_wconf 81' lang='lat' dir='ltr'>supra</span> <span class='ocrx_word' id='word_1_272' title='bbox 982 3470 1040 3528; x_wconf 90' lang='lat' dir='ltr'>in</span> <span class='ocrx_word' id='word_1_273' title='bbox 1073 3468 1190 3530; x_wconf 88' lang='lat' dir='ltr'>fine</span> <span class='ocrx_word' id='word_1_274' title='bbox 1220 3471 1518 3531; x_wconf 82' lang='lat' dir='ltr'>Recensus</span> <span class='ocrx_word' id='word_1_275' title='bbox 1546 3472 1729 3530; x_wconf 89' lang='lat' dir='ltr'>Editt.</span> <span class='ocrx_word' id='word_1_276' title='bbox 1758 3470 1794 3532; x_wconf 84' lang='lat' dir='ltr'>J</span> <span class='ocrx_word' id='word_1_277' title='bbox 1801 3489 1973 3531; x_wconf 86' lang='lat' dir='ltr'>uven.</span> <span class='ocrx_word' id='word_1_278' title='bbox 2003 3469 2078 3529; x_wconf 88' lang='lat' dir='ltr'>de</span> <span class='ocrx_word' id='word_1_279' title='bbox 2105 3469 2196 3542; x_wconf 75' lang='lat' dir='ltr'>iis,</span> <span class='ocrx_word' id='word_1_280' title='bbox 2224 3469 2329 3549; x_wconf 87' lang='lat' dir='ltr'>qui</span> <span class='ocrx_word' id='word_1_281' title='bbox 2361 3469 2644 3531; x_wconf 67' lang='lat' dir='ltr'>Observa-</span> 
     </span>
    </p>
   </div>
   <div class='ocr_carea' id='block_1_4' title="bbox 427 3563 2650 3739">
    <p class='ocr_par' dir='ltr' id='par_1_4' title="bbox 427 3563 2650 3739">
     <span class='ocr_line' id='line_1_33' title="bbox 435 3563 2650 3647; baseline 0.003 -25"><span class='ocrx_word' id='word_1_282' title='bbox 435 3564 624 3623; x_wconf 72' lang='lat' dir='ltr'>tiones</span> <span class='ocrx_word' id='word_1_283' title='bbox 647 3566 711 3623; x_wconf 77' lang='lat' dir='ltr'>in</span> <span class='ocrx_word' id='word_1_284' title='bbox 738 3563 950 3625; x_wconf 72' lang='lat' dir='ltr'>Juven.</span> <span class='ocrx_word' id='word_1_285' title='bbox 980 3565 1283 3644; x_wconf 87' lang='lat' dir='ltr'>scripsere,</span> <span class='ocrx_word' id='word_1_286' title='bbox 1313 3576 1372 3628; x_wconf 89' lang='lat' dir='ltr'>et</span> <span class='ocrx_word' id='word_1_287' title='bbox 1401 3567 1477 3628; x_wconf 89' lang='lat' dir='ltr'>de</span> <span class='ocrx_word' id='word_1_288' title='bbox 1511 3567 1688 3628; x_wconf 78' lang='lat' dir='ltr'>Conr.</span> <span class='ocrx_word' id='word_1_289' title='bbox 1714 3566 1871 3628; x_wconf 74' lang='lat' dir='ltr'>Sam.</span> <span class='ocrx_word' id='word_1_290' title='bbox 1903 3565 2377 3647; x_wconf 67' lang='lat' dir='ltr'>Schurrflcieclu‘i</span> <span class='ocrx_word' id='word_1_291' title='bbox 2406 3566 2650 3647; x_wconf 76' lang='lat' dir='ltr'>Spicilo-</span> 
     </span>
     <span class='ocr_line' id='line_1_34' title="bbox 427 3659 1306 3739; baseline 0.001 -20"><span class='ocrx_word' id='word_1_292' title='bbox 427 3660 538 3739; x_wconf 72' lang='lat' dir='ltr'>gio</span> <span class='ocrx_word' id='word_1_293' title='bbox 568 3659 1001 3720; x_wconf 61' lang='lat' dir='ltr'>Animadverte.</span> <span class='ocrx_word' id='word_1_294' title='bbox 1030 3660 1306 3721; x_wconf 69' lang='lat' dir='ltr'>diximus».</span> 
     </span>
    </p>
   </div>
   <div class='ocr_carea' id='block_1_5' title="bbox 435 3756 2646 4027">
    <p class='ocr_par' dir='ltr' id='par_1_5' title="bbox 435 3756 2646 4027">
     <span class='ocr_line' id='line_1_35' title="bbox 524 3756 1078 3836; baseline 0.004 -23"><span class='ocrx_word' id='word_1_295' title='bbox 524 3765 616 3816; x_wconf 73' lang='lat'>12.</span> <span class='ocrx_word' id='word_1_296' title='bbox 662 3756 1078 3836; x_wconf 74' lang='lat' dir='ltr'>Erlangemt&#39;s.</span> 
     </span>
     <span class='ocr_line' id='line_1_36' title="bbox 437 3852 2646 3933; baseline 0.004 -22"><span class='ocrx_word' id='word_1_297' title='bbox 437 3852 744 3912; x_wconf 80' lang='lat' dir='ltr'>Lectiones</span> <span class='ocrx_word' id='word_1_298' title='bbox 775 3855 949 3929; x_wconf 81' lang='lat' dir='ltr'>hujus</span> <span class='ocrx_word' id='word_1_299' title='bbox 976 3853 1196 3913; x_wconf 78' lang='lat' dir='ltr'>codicis</span> <span class='ocrx_word' id='word_1_300' title='bbox 1223 3854 1622 3933; x_wconf 71' lang='lat' dir='ltr'>excerpendae</span> <span class='ocrx_word' id='word_1_301' title='bbox 1655 3855 2057 3933; x_wconf 75' lang='lat' dir='ltr'>benignissime</span> <span class='ocrx_word' id='word_1_302' title='bbox 2085 3856 2309 3916; x_wconf 78' lang='lat' dir='ltr'>curavit</span> <span class='ocrx_word' id='word_1_303' title='bbox 2342 3855 2436 3918; x_wconf 79' lang='lat'>11¹.</span> <span class='ocrx_word' id='word_1_304' title='bbox 2482 3856 2646 3918; x_wconf 79' lang='lat' dir='ltr'>Har·</span> 
     </span>
     <span class='ocr_line' id='line_1_37' title="bbox 435 3946 2644 4027; baseline 0.002 -17"><span class='ocrx_word' id='word_1_305' title='bbox 435 3946 630 4010; x_wconf 67' lang='lat' dir='ltr'>Ioer&#39;us.</span> <span class='ocrx_word' id='word_1_306' title='bbox 698 3953 791 4011; x_wconf 89' lang='lat' dir='ltr'>De</span> <span class='ocrx_word' id='word_1_307' title='bbox 818 3964 1053 4011; x_wconf 81' lang='lat' dir='ltr'>externa</span> <span class='ocrx_word' id='word_1_308' title='bbox 1090 3949 1215 4027; x_wconf 78' lang='lat' dir='ltr'>ejus</span> <span class='ocrx_word' id='word_1_309' title='bbox 1260 3950 1449 4012; x_wconf 83' lang='lat' dir='ltr'>forma</span> <span class='ocrx_word' id='word_1_310' title='bbox 1496 3972 1613 4012; x_wconf 90' lang='lat' dir='ltr'>non</span> <span class='ocrx_word' id='word_1_311' title='bbox 1663 3954 1878 4013; x_wconf 87' lang='lat' dir='ltr'>certior</span> <span class='ocrx_word' id='word_1_312' title='bbox 1919 3956 2110 4015; x_wconf 65' lang='lat' dir='ltr'>factus</span> <span class='ocrx_word' id='word_1_313' title='bbox 2153 3973 2302 4014; x_wconf 80' lang='lat' dir='ltr'>sum.</span> <span class='ocrx_word' id='word_1_314' title='bbox 2382 3955 2560 4025; x_wconf 86' lang='lat' dir='ltr'>Quod</span> <span class='ocrx_word' id='word_1_315' title='bbox 2593 3954 2644 4016; x_wconf 75' lang='lat' dir='ltr'>si</span> 
     </span>
    </p>
   </div>
   <div class='ocr_carea' id='block_1_6' title="bbox 432 4047 2645 4224">
    <p class='ocr_par' dir='ltr' id='par_1_6' title="bbox 432 4047 2645 4224">
     <span class='ocr_line' id='line_1_38' title="bbox 435 4047 2645 4130; baseline 0.003 -23"><span class='ocrx_word' id='word_1_316' title='bbox 435 4056 631 4108; x_wconf 76' lang='lat' dir='ltr'>tmen</span> <span class='ocrx_word' id='word_1_317' title='bbox 670 4047 861 4107; x_wconf 79' lang='lat' dir='ltr'>omnis</span> <span class='ocrx_word' id='word_1_318' title='bbox 887 4048 1042 4106; x_wconf 77' lang='lat' dir='ltr'>illius</span> <span class='ocrx_word' id='word_1_319' title='bbox 1070 4048 1317 4108; x_wconf 72' lang='lat' dir='ltr'>varietas</span> <span class='ocrx_word' id='word_1_320' title='bbox 1362 4049 1672 4130; x_wconf 79' lang='lat' dir='ltr'>diligenter</span> <span class='ocrx_word' id='word_1_321' title='bbox 1711 4060 1914 4112; x_wconf 72' lang='lat' dir='ltr'>notata</span> <span class='ocrx_word' id='word_1_322' title='bbox 1954 4061 2064 4124; x_wconf 77' lang='lat' dir='ltr'>est,</span> <span class='ocrx_word' id='word_1_323' title='bbox 2114 4052 2345 4113; x_wconf 75' lang='lat' dir='ltr'>videtur</span> <span class='ocrx_word' id='word_1_324' title='bbox 2380 4073 2454 4114; x_wconf 81' lang='lat' dir='ltr'>cx</span> <span class='ocrx_word' id='word_1_325' title='bbox 2483 4053 2645 4114; x_wconf 86' lang='lat' dir='ltr'>bono</span> 
     </span>
     <span class='ocr_line' id='line_1_39' title="bbox 432 4144 1297 4224; baseline 0.003 -21"><span class='ocrx_word' id='word_1_326' title='bbox 432 4144 706 4224; x_wconf 84' lang='lat' dir='ltr'>exemplo</span> <span class='ocrx_word' id='word_1_327' title='bbox 734 4145 1118 4224; x_wconf 78' lang='lat' dir='ltr'>transcriptus</span> <span class='ocrx_word' id='word_1_328' title='bbox 1146 4166 1297 4206; x_wconf 82' lang='lat' dir='ltr'>esse.</span> 
     </span>
    </p>
   </div>
  </div>
 </body>
</html>
