2992 4859
1072 394 1079 399 ·
1181 398 1634 455 «nunnus.
1783 394 1790 402 ·
2337 376 2520 462 lm

1046 611 1303 681 Codices
1347 610 1780 679 Burneiemes.

383 788 600 863 Godd.
623 790 1065 857 Burneienses
1093 795 1511 857 numerantur
1538 793 1718 867 octo,
1750 806 2030 873 quorum
2060 786 2327 872 plurimi
2366 787 2517 873 pul-

289 878 441 960 chri
469 892 695 979 quoad
731 892 1013 961 formam
1038 895 1451 973 exteriorem,
1485 892 1606 957 sed
1634 912 1765 958 non
1795 888 1990 956 valde
2022 889 2274 974 antiqui
2306 892 2516 956 nomi-

285 995 423 1060 niS.
511 992 710 1060 Varii
756 1014 987 1060 versus
1038 994 1445 1077 singulorum
1492 993 1692 1060 codd.
1749 976 1974 1058 collati
2024 998 2179 1057 sunt
2222 989 2311 1057 ad
2356 994 2528 1077 pag.

292 1096 398 1163 H.
427 1094 506 1162 C
538 1096 861 1197 Henninii
891 1116 1045 1161 cum
1073 1096 1250 1162 notis
1278 1095 1663 1184 Vni-iorum,
1715 1114 1870 1179 quae
1912 1093 2125 1178 Lugd.
2159 1093 2311 1159 Bat.
2339 1093 2526 1161 edita

288 1203 397 1264 est
421 1199 622 1263 1695.

385 1301 531 1365 Sub
577 1300 707 1365 fine
754 1300 955 1365 unius
1001 1296 1223 1385 (191.)
1263 1298 1576 1364 scribitur
1638 1299 2079 1384 pei-obscure:
2154 1297 2341 1364 ‘Die
2403 1299 2498 1365 m
2521 1290 2538 1307 '

292 1402 484 1469 Nov.
510 1405 679 1469 hora
702 1403 902 1468 tertia
925 1403 1142 1468 noctis
1169 1402 1370 1468 1464.
1414 1400 1841 1487 pontificatus
1873 1402 2237 1468 felicissimi
2268 1388 2532 1472 domini'

289 1507 505 1573 nostri
535 1505 789 1571 domini
817 1502 1015 1569 Pauli
1061 1503 1289 1570 divina
1335 1502 1774 1570 Providentia
1819 1503 2034 1590 Papae
2082 1507 2295 1571 sancti
2344 1512 2517 1571 anno

294 1607 562 1693 primo·
546 1657 567 1688 ,
569 1606 695 1672 'et
734 1612 808 1672 nt
834 1605 1103 1674 videtur
1151 1626 1195 1671 a
1237 1608 1324 1672 cl.
1368 1598 1572 1672 Doct.
1627 1607 1898 1693 Bumey
1934 1608 2275 1673 lucidius
2254 1609 2343 1672 1is
2370 1627 2517 1675 ver-

292 1709 406 1775 bis
429 1710 583 1776 haec
613 1710 1163 1776 subscribuntur:
1230 1714 1252 1745 ‘
1282 1710 1542 1776 Paulus
1575 1727 1652 1775 11.
1704 1708 2002 1777 Venetus
2050 1713 2237 1796 prius
2276 1710 2520 1776 Petrus

292 1811 565 1877 Bal-bus
591 1819 897 1891 vocatu&
943 1832 1153 1897 nepos
1194 1811 1469 1895 Eugenii
1506 1828 1630 1891 wc,
1660 1814 1988 1879 successit
2013 1812 2144 1880 Pio
2177 1830 2259 1880 11.
2312 1811 2400 1878 A.
2434 1794 2538 1877 c?

292 1914 495 1981 1464.
589 1912 983 1981 Hoffmanni
1010 1913 1357 1981 Lexicon.'

804 2052 1060 2123 Codices
1095 2055 1297 2122 Oxou.
1328 2055 1663 2123 Juvenalis
1693 2067 1751 2123 et
1788 2056 2025 2126 Persii.

386 2189 817 2256 Auctarium.-
861 2191 1080 2258 Laud.
1129 2192 1280 2258 Lat.
1316 2193 1427 2259 79.
1516 2191 1680 2260 Juv.
1726 2200 1796 2260 et
1840 2193 2029 2259 Pers.
2076 2192 2287 2259 illum.
2313 2209 2521 2261 mem·

293 2294 485 2359 bran.
577 2293 786 2359 Tituli
814 2295 1052 2361 breves
1081 2295 1325 2363 Satiris
1353 2297 1802 2382 praefiguntur.

386 2395 668 2462 Auctar.
698 2396 916 2462 Laud.
938 2397 1084 2463 Lat.
1112 2398 1220 2464 89.
1313 2397 1476 2465 Juv.
1508 2396 1654 2464 Sat.
1684 2399 1976 2464 chartac.
2007 2366 2150 2464 sine
2172 2398 2371 2464 nous.
2547 2450 2556 2460 .

386 2497 669 2565 Auctar
697 2497 1110 2566 Ravuinson.
1151 2500 1303 2567 119.
1391 2498 1555 2566 Juv.
1602 2506 1672 2567 et
1717 2500 1909 2567 Pers.
1955 2502 2315 2567 membran.
2363 2518 2521 2567 cum

295 2604 498 2667 notis.
588 2599 735 2665 Sub
777 2601 971 2669 finem
1010 2603 1159 2667 haec
1211 2602 1534 2669 verbaz‘
1566 2600 1736 2670 Cod.
1790 2601 1929 2668 Ms.
1971 2598 2355 2687 comparavi
2382 2600 2542 2667 ‘Ie-³

297 2723 511 2782 tonae,
543 2702 835 2769 Antonio
861 2703 935 2768 di
956 2705 1245 2770 Bradich
1272 2706 1447 2771 med.
1483 2706 1687 2772 Dect.
1715 2706 1761 2771 3
1789 2704 1963 2771 Maii
1987 2705 2207 2772 IOEBR

391 2802 750 2871 Ludovicus
781 2796 1186 2893 Bourgulfiics
1222 2804 1673 2886 Nemausensi-r,
1721 2805 1864 2871 exul
1880 2817 2145 2893 propter
2177 2805 2302 2873 SS.
2338 2802 2521 2869 Reli-

291 2908 543 2998 gionem
579 2906 847 2973 Domini
873 2910 1074 2974 nostri
1097 2906 1173 2975 J.
1200 2909 1439 2976 Christi
1460 2908 1922 2999 Kefar-matam,
1949 2906 2174 2996 Tiguri
2201 2907 2400 2976 1686.

390 3010 531 3076 Hic
560 3031 791 3077 versus
818 3012 948 3077 sub
972 3011 1171 3078 finem
1198 3013 1544 3080 inseritur.

574 3112 877 3199 Explicit
903 3114 1147 3202 ignotus
1173 3135 1299 3200 per
1322 3120 1540 3182 totum
1569 3114 1846 3180 Persius
1875 3114 2128 3180 orbem:

302 3216 393 3311 dje
414 3236 553 3303 quo
576 3217 714 3282 vid.
775 3215 1157 3282 Recensum
1182 3222 1477 3283 nostrum
1506 3216 1889 3284 Editionum
1917 3217 2154 3296 Persii,
2183 3222 2255 3301 p.
2277 3214 2433 3283 399.

387 3317 670 3384 Auctar-
702 3318 784 3384 F.
813 3321 880 3384 5.
911 3319 975 3383 1.
1020 3318 1392 3385 Membran.
1417 3319 1629 3385 illum.
1654 3339 1882 3404 pauca
1905 3319 2110 3384 habet
2135 3319 2412 3385 scholia.

342 3477 352 3486 .
392 3420 685 3493 Auctar.
706 3420 788 3488 F.
818 3424 883 3487 5.
913 3422 979 3487 2.
1062 3422 1231 3489 Juv.
1255 3423 1547 3489 chartac.
1570 3423 1718 3488 cod.
1760 3423 2036 3492 multum
2065 3420 2519 3498 abbreviatus,

302 3526 374 3591 et
401 3542 559 3589 cum
583 3525 809 3590 multis
835 3525 1132 3591 scholiis.
1222 3526 1364 3592 Sub
1393 3527 1505 3592 fin.
1531 3528 1680 3592 haec
1710 3526 1959 3591 verba:
2025 3530 2046 3559 ‘
2078 3523 2376 3608 Explicit
2399 3541 2524 3608 per

302 3646 413 3693 me
441 3625 713 3693 Petrum
740 3625 826 3692 de
856 3624 1140 3693 Goude.'
1226 3629 1439 3696 Extat
1466 3618 1558 3697 nd
1580 3630 1862 3699 eundem
1891 3627 2156 3693 Erasmi
2185 3625 2519 3713 Epistola,

306 3749 359 3795 a
381 3726 643 3795 Merula
668 3729 962 3814 vulgata,
992 3735 1061 3795 et
1090 3732 1273 3817 apud
1300 3753 1450 3799 eam
1466 3733 1617 3798 cod.
1644 3731 1755 3798 hic
1778 3736 2194 3796 memoratur.

394 3829 675 3896 Auctar.
718 3830 796 3894 F.
837 3833 903 3896 5.
947 3832 1016 3897 4.
1104 3832 1263 3899 Juv.
1293 3840 1359 3900 et
1381 3833 1574 3901 Pers.
1600 3836 1955 3901 membran.
1987 3835 2130 3899 sine
2155 3839 2290 3900 not.
2377 3830 2520 3899 Sub

305 3931 448 3999 init.
474 3933 625 4007 haec
654 3933 904 3999 verba:
972 3936 1009 3967 ‘¹
1030 3933 1189 4001 Hoc
1236 3955 1410 4019 opus
1453 3938 1650 4002 est'a
1692 3957 1800 4002 me
1847 3936 2051 4002 Petro
2098 3935 2522 4003 Carmeliuno

308 4040 605 4121 emptum
633 4033 741 4099 die
771 4052 949 4101 xm.
984 4035 1154 4103 Dec.
1181 4037 1376 4103 1491.
1399 4031 1495 4102 'in
1539 4040 1723 4105 civit.
1774 4039 2057 4104 Londin.
2099 4038 2318 4121 pretio
2353 4034 2522 4103 duo-

308 4156 457 4204 rum
478 4137 843 4205 nobilium?
932 4140 1016 4205 In
1045 4140 1181 4207 alio
1208 4141 1384 4221 loco,
1430 4145 1455 4175 ‘
1474 4162 1564 4208 ex
1589 4142 1781 4208 libris
1812 4141 2038 4207 Caroli
2068 4139 2326 4205 Hauon
2351 4140 2390 4223 ς’
2451 4140 2520 4205 in

313 4240 451 4308 alio
477 4242 548 4307 hi
576 4243 712 4308 duo
742 4262 1014 4309 versus:

446 4359 617 4424 Delfi.
639 4364 686 4411 et
712 4359 827 4412 Ver.
853 4360 981 4410 cta.
1126 4382 1133 4387 ·
1356 4355 1363 4361 '
1424 4358 1538 4414 δαν.
2013 4342 2018 4345 ’
2269 4364 2301 4410 4
2326 4359 2384 4409 Μ
