2992 4859
520 307 610 376 48

1313 317 1388 365 A.
1432 315 1682 368 Pnnsn
1733 313 1996 371 unaco!

523 466 743 531 Omne
771 463 957 531 vafer
982 461 1224 527 vitium
1254 457 1492 524 ridenti
1521 457 1813 524 Flaccus
1837 457 2057 521 amico

528 569 802 651 Tangit,
833 572 901 631 et
929 564 1262 629 admissus
1291 564 1541 628 circum
1570 559 1943 645 praecordia
1967 558 2159 636 ludit,

530 668 833 734 Callidus
862 651 1149 732 excusso
1177 664 1501 748 populum
1528 660 1929 746 suspendere
1955 678 2148 723 naso.

531 770 717 837 Men’
744 769 983 834 mutire
1009 767 1220 844 nefas»,
1249 781 1372 829 neo
1402 766 1597 842 clam,
1626 765 1746 826 nec
1771 781 1925 826 cum
1949 761 2182 826 scrobe
2198 762 2230 823 ‘l
2303 766 2323 796 ‘
2339 759 2409 825 N
2411 757 2739 845 usquam!

529 971 663 1034 rupit
694 971 880 1018 dentem
914 968 1151 1018 intimum.
1221 965 1460 1015 Horatius
1494 965 1638 1013 solers
1675 963 1876 1027 pariter
1911 962 2066 1025 carpit
2099 960 2349 1040 quaslibet
2370 973 2576 1009 errores·
2596 957 2741 1020 apud

520 1034 820 1110 familiarem
852 1034 1173 1088 deridentem,-
1206 1035 1253 1080 et
1274 1034 1494 1093 exceptas

1514 1030 1640 1078 circu
1659 1044 1759 1090 cor,
1780 1028 1988 1090 colludit,
2018 1031 2201 1102 pentus

2218 1026 2501 1075 subsannare
2518 1024 2743 1087 populant

529 1098 726 1152 ambus
756 1096 1006 1147 succussis.
1069 1096 1152 1146 Aa
1185 1094 1305 1144 nuni
1337 1109 1430 1144 aon
1463 1094 1623 1144 licebit
1656 1092 1851 1156 meere,
1871 1107 1930 1141 ne
1951 1092 2137 1157 quedem
2155 1095 2350 1153 secreto,
2370 1088 2614 1153 nequidem
2636 1097 2746 1136 cain

1531 1280 1743 1338 NOTAE

531 1411 710 1475 binum
760 1424 1084 1488 Municipem
1132 1423 1312 1487 Ponti,
1365 1430 1601 1473 tutamen

534 1499 926 1562 centurionum,
946 1500 1317 1551 Praeclarorum
1340 1500 1602 1551 bominum

536 1591 599 1626 ac
624 1576 929 1639 primorum,
950 1576 1365 1643 Signifer-umque
1389 1577 1604 1627 Maluis-

535 1651 578 1721 ti
602 1651 735 1722 dici:
790 1650 977 1702 Graece
1009 1666 1133 1715 ergo
1154 1652 1361 1702 Praetor
1381 1652 1602 1706 Athenis

537 1725 604 1777 Id
643 1727 779 1792 quod
814 1726 1062 1789 maluisti,
1093 1735 1168 1789 te,
1190 1742 1307 1778 cum
1328 1727 1392 1777 ad
1416 1742 1500 1777 rue
1522 1743 1604 1778 ac-

537 1803 699 1867 cedis,
739 1805 924 1855 saluto.
990 1806 1152 1869 Χαΐρο,
1187 1805 1414 1869 iuquam,
1451 1804 1601 1854 Tite:

539 1880 791 1944 Lictores,
803 1887 969 1929 turma
986 1880 1166 1941 omnis,
1180 1880 1479 1944 cohorsque,
1490 1871 1605 1929 xist-

535 1973 673 2022 ρετεε
718 1955 840 2005 binc
873 1956 1033 2005 bostis
1073 1955 1143 2005 mi
1186 1954 1452 2018 Albutius,
1483 1955 1603 2006 binc

536 2033 810 2084 inimicus:
873 2035 945 2084 Et
964 2035 1118 2097 paulo
1140 2040 1288 2097 post:
1322 2035 1339 2062 ‘
1356 2032 1606 2097 Tubulus,

537 2109 582 2180 si
607 2110 796 2160 Lucius
820 2109 1047 2175 inquam,
1072 2109 1127 2159 Si
1148 2110 1346 2174 Lupus,
1369 2117 1461 2162 aut
1481 2110 1605 2160 Car·

538 2182 607 2233 bo
633 2191 727 2234 aut
759 2186 995 2248 Neptuni
1028 2184 1200 2234 filius!

608 2258 900 2322 Geminum]
965 2260 1190 2310 Genuiui
1209 2266 1460 2310 vocantur
1481 2258 1630 2309 den--

539 2331 670 2381 tium
705 2335 970 2396 postremi,
1007 2333 1266 2398 iidemque
1291 2333 1606 2384 validissimi.

539 2407 678 2458 Plin.
712 2421 775 2458 11.
809 2412 889 2457 37.
935 2409 1140 2472 Festus,
1177 2409 1211 2458 1.
1251 2424 1348 2460 vn.
1379 2412 1493 2460 vult
1530 2410 1608 2460 ita

541 2482 729 2547 dictos,
753 2484 891 2548 quod
917 2500 948 2533 a
970 2486 1117 2548 genis
1140 2484 1487 2548 dependeant.

606 2560 803 2623 Fregit]
874 2561 1030 2609 Suam
1052 2575 1254 2611 omnem
1276 2560 1609 2612 dicacitatem

542 2638 822 2688 consumsit
845 2636 1120 2701 carpendis
1144 2651 1319 2685 eorum
1340 2636 1495 2686 vitiis.

608 2713 706 2762 116
738 2711 963 2776 Ridenti]
1033 2713 1152 2762 Non
1184 2711 1499 2776 indignanti,
1526 2712 1609 2761 vel

542 2787 700 2837 etiam
723 2788 942 2840 libenter
976 2788 1227 2849 audienti,
1263 2789 1384 2853 quia
1420 2787 1607 2839 callide

543 2871 601 2914 et
622 2863 810 2915 festive
828 2867 1100 2916 mordebat
1125 2861 1390 2917 Horatius.

606 2939 799 3003 Ansico]
859 2942 958 2990 Vel
996 2942 1301 3007 cuicumque
1337 2956 1430 2990 suo
1462 2939 1610 2990 fami·

539 3016 676 3078 liari,
709 3018 791 3065 vel
824 3016 922 3079 ipsi
959 3017 1259 3079 Maecenati,
1288 3018 1373 3067 cui
1397 3033 1494 3067 nee
1520 3031 1610 3080 pe·

543 3092 773 3157 percisse
809 3091 990 3141 fertur.
1059 3093 1217 3142 Certe
1239 3093 1381 3141 illum
1405 3093 1612 3141 videtur

541 3167 908 3231 perstrinxisse
968 3168 1076 3217 Sat.
1133 3182 1172 3216 1.
1237 3172 1287 3217 8.
1351 3167 1436 3215 ubi
1505 3166 1609 3216 ait:

543 3243 560 3270 ⁸
580 3242 875 3306 Simplicior
897 3243 941 3291 si
966 3243 1096 3307 quis,
1129 3244 1334 3306 qualem
1368 3255 1446 3291 me
1469 3256 1611 3305 saepe

545 3329 776 3379 libenter
796 3329 1093 3378 Obtulerim
1115 3328 1229 3393 tibi,
1249 3329 1534 3390 Maecenas,
1557 3337 1615 3379 ut

544 3405 680 3456 forte
705 3407 961 3470 legentem
995 3404 1102 3455 Aut
1137 3407 1349 3455 taciturn
1381 3405 1615 3470 impellat

545 3483 726 3548 quovis
750 3496 1002 3543 sermone,
1025 3484 1303 3543 molestus3
1343 3483 1613 3532 Communi

546 3575 701 3610 seusu
747 3563 899 3624 plane
943 3568 1108 3624 caret,
1143 3561 1428 3626 inquimus;
1480 3560 1613 3609 eheu

548 3636 716 3687 Quam
742 3645 933 3686 temere
958 3638 1010 3687 in
1034 3645 1237 3688 nosmet
1259 3638 1428 3700 legem
1450 3637 1613 3686 sanci-

543 3725 660 3760 mus
699 3712 951 3776 iniquam!
1008 3712 1144 3761 Nam
1167 3712 1304 3762 vitiis
1325 3726 1476 3761 nemo
1499 3712 1610 3760 siue

542 3787 805 3835 nascitur:
844 3789 1068 3850 optimus
1100 3788 1187 3837 ille
1222 3794 1302 3840 est
1340 3787 1444 3838 Qui
1468 3786 1610 3835 mini-

546 3860 644 3910 mis
667 3863 915 3924 urgetur!
982 3863 1229 3912 Attamen
1252 3877 1366 3912 cum
1400 3863 1611 3918 Persius

545 3937 689 3987 dicat
723 3951 872 3986 omne
908 3937 1087 3986 vitium
1114 3940 1255 4002 tangi
1277 3939 1340 3987 ab
1367 3939 1609 4001 Horatio,

546 4019 601 4063 et
625 4014 776 4077 paulo
802 4022 935 4076 post,
977 4015 1221 4076 populum
1246 4028 1464 4063 excusso
1487 4028 1611 4065 naso

547 4088 823 4162 suspendi:
896 4090 1071 4138 malim
1121 4088 1458 4151 interpretari
1508 4090 1609 4139 sic:

548 4180 701 4217 omne
738 4166 1107 4233 cujuscumque
1144 4163 1327 4215 vitium
1363 4164 1613 4216 Horatius

1680 1421 1823 1473 vafer
1845 1423 2014 1488 tangit
2035 1427 2091 1474 et
2113 1421 2333 1472 solerter
2350 1415 2579 1480 coarguit
2600 1413 2745 1478 apud

1681 1500 1902 1549 amicum
1939 1498 2213 1560 ridentem,
2251 1511 2368 1546 cum
2406 1493 2596 1543 Satiras
2626 1506 2747 1542 suas

1682 1582 1789 1625 tam
1811 1574 2017 1625 festivas
2039 1575 2090 1624 ei
2113 1573 2316 1624 recitat.

1750 1656 1843 1702 11⁷
1891 1652 1960 1701 Et
1987 1651 2224 1701 ducissas
2256 1648 2433 1698 circum
2462 1645 2749 1712 precordia,

1682 1731 1790 1794 isc-J
1832 1727 1917 1779 Ab
1937 1727 2115 1778 amicis
2139 1728 2275 1778 bene
2295 1731 2550 1789 exceptus
2574 1724 2749 1788 pergit

1682 1820 1747 1855 eo
1780 1805 2024 1856 libentius
2061 1804 2290 1854 scribere
2320 1809 2376 1852 et
2394 1802 2623 1854 recitare
2652 1800 2747 1850 Sa-

1683 1883 1829 1933 tiras.
1896 1882 2000 1932 Hic
2017 1880 2246 1931 nonnulli
2264 1878 2555 1929 subtiliores
2569 1890 2749 1928 sensus

1684 1962 1955 2022 rimantur,
1989 1966 2048 2009 et
2083 1955 2268 2008 Persio
2290 1955 2585 2005 attribuunt
2607 1952 2748 2020 quod

1684 2052 1941 2104 nunquam
1962 2035 2234 2100 cogitavitz
2270 2033 2507 2083 nimirum
2531 2032 2627 2094 illi,
2671 2032 2749 2082 le·

1685 2116 1832 2167 viora
1868 2116 2088 2179 primum
2125 2113 2251 2163 vitia
2284 2111 2457 2175 carpit
2490 2111 2751 2160 Mecena·

1686 2194 1753 2242 tis
1780 2191 2047 2253 Horatius,
2066 2190 2323 2253 inquiunt,
2340 2195 2395 2237 et
2417 2202 2535 2237 cum
2557 2201 2616 2236 se
2637 2187 2751 2251 pla·

1685 2266 1853 2316 cuisse
1888 2265 1956 2315 eb
1993 2266 2212 2334 solertes
2231 2263 2381 2326 jocos
2418 2270 2475 2312 et
2507 2260 2749 2312 festivam

1685 2343 2014 2393 dicacitatem
2051 2340 2433 2402 animadvertit,
2466 2346 2577 2390 tum
2613 2339 2751 2404 plus·

1686 2420 1857 2469 culum
1880 2418 2059 2481 audet,
2093 2424 2151 2466 et
2173 2415 2457 2466 occultiora
2482 2416 2753 2466 interiora·

1682 2512 1788 2560 que
1827 2494 2061 2546 facinora
2103 2508 2205 2544 non
2248 2498 2457 2542 veretur
2510 2506 2749 2556 arguere.

1689 2573 1808 2623 Hoc
1832 2572 2036 2622 scilicet
2056 2577 2141 2622 est
2161 2568 2341 2620 ludere
2363 2570 2502 2620 circa
2523 2584 2749 2633 precor·

1688 2648 1805 2698 dia?
1840 2648 2034 2696 Verum
2056 2661 2159 2696 uno
2180 2646 2291 2695 ictu
2306 2647 2513 2709 jugulat
2528 2645 2646 2695 illos
2666 2644 2752 2695 In·

1688 2730 1949 2789 terpretes
1985 2723 2121 2788 quod
2156 2722 2332 2772 statim
2369 2721 2500 2772 dicit
2521 2720 2751 2783 Persius,

1686 2817 1838 2853 omne
1856 2801 2038 2851 vitium
2057 2797 2383 2863 reprehendi.
2451 2796 2573 2846 Non
2591 2796 2753 2860 igitur

1687 2879 1887 2930 minora
1905 2877 2085 2941 primo,
2102 2874 2290 2926 deinde
2314 2874 2569 2938 graviora.

1751 2952 1922 3014 Lusit]
1978 2950 2184 3000 Nemini
2206 2950 2396 3013 parcit,
2430 2948 2628 2999 vitiosis
2662 2961 2752 2999 aua

1690 3028 1916 3078 ostendit
1932 3027 2054 3076 vitia
2072 3033 2129 3075 et
2150 3025 2327 3089 culpat
2340 3025 2444 3087 ille,
2460 3039 2559 3074 nec
2576 3031 2751 3075 umen

1692 3105 1949 3169 culpando
1974 3103 2209 3166 offendit,
2247 3103 2379 3154 adeo
2412 3101 2560 3153 vafer
2592 3109 2673 3153 eat
2693 3107 2750 3153 et

1692 3181 1933 3242 callidus,
1945 3188 2004 3231 ut
2018 3179 2578 3245 ludendojocandoque
2595 3178 2753 3229 animi

1692 3258 1907 3307 vulnera
1929 3264 2133 3322 premat
2151 3265 2206 3306 et
2226 3263 2393 3306 curet.

1718 3345 1723 3348 ’
1759 3337 1854 3384 118
1894 3335 2103 3383 Excusso
2120 3333 2363 3395 populum,
2396 3333 2505 3396 ξω]
2572 3332 2755 3396 Expli-

1695 3420 1818 3460 cant
1850 3409 2082 3474 quidam,
2118 3415 2361 3471 porrecto
2396 3416 2450 3455 et
2491 3407 2658 3470 hilari,
2691 3413 2754 3458 ut

1694 3487 1860 3536 minus
1903 3485 2119 3536 acerbus
2159 3482 2398 3534 videatur
2435 3485 2593 3534 etiam
2631 3500 2751 3536 cum

1695 3563 1925 3621 mordet3
1972 3562 2061 3610 sed
2085 3559 2255 3609 malim
2287 3560 2571 3623 simplicius
2595 3561 2754 3610 inter·

1692 3636 1918 3701 pretati3
1957 3651 2224 3698 succusso,
2255 3637 2393 3700 quod
2426 3643 2484 3685 et
2504 3645 2621 3696 vox,
2643 3653 2753 3687 sus·

1692 3712 1937 3776 pendere,
1958 3712 2200 3776 postulat.
2268 3713 2427 3762 Certe
2461 3728 2578 3761 cum
2618 3713 2752 3763 ride-

1691 3803 1803 3838 mus
1843 3789 2087 3851 aliquem,
2124 3794 2284 3850 caput
2321 3788 2638 3837 excutimusz
2694 3794 2755 3839 et

1691 3879 1806 3913 cum
1837 3864 1992 3913 alicui
2015 3864 2314 3914 insultamus
2334 3863 2543 3924 acriter,
2576 3878 2752 3928 arrep-

1692 3947 1801 3990 tum
1832 3941 1989 3991 etiarn
2028 3955 2206 3990 nasum
2240 3940 2567 3990 succutimus.
2634 3941 2753 3992 Erit

1691 4016 1851 4079 igitur
1886 4015 2056 4066 facilis
2093 4024 2149 4066 et
2180 4029 2344 4079 prona
2362 4015 2750 4078 interpretatio,

1692 4092 1802 4141 sive
1827 4091 2023 4158 referas
2052 4090 2116 4141 ad
2141 4105 2256 4141 eum
2278 4090 2367 4155 qui
2386 4090 2608 4156 deridet,
2639 4093 2755 4144 sive

1693 4167 1762 4216 ad
1778 4181 1896 4217 eum
1919 4168 2008 4233 qui
2029 4165 2317 4218 deridetur.
