2992 4859
409 269 534 338 -74

1200 284 1273 332 A.
1319 282 1570 336 PBRSH
1592 325 1593 328 ,
1619 282 1885 332 Pnaccl

448 429 812 495 Stemmata
837 427 1014 512 quod
1042 427 1267 492 Tusco
1292 447 1546 493 ramum
1574 427 1922 492 millesime
1947 424 2160 505 dacia,
2220 469 2223 472 -

450 529 888 595 Censoremne
918 535 1101 593 tuum
1127 529 1237 592 vel
1265 527 1769 613 quod'trabeate
1797 530 2094 592 salutas?

446 630 562 695 Ad
585 632 906 716 populum
930 630 1274 713 phaleras:
1318 649 1440 713 ego
1468 636 1536 694 te
1563 631 1738 694 intus
1767 633 1834 693 et
1859 629 1929 691 in
1960 635 2109 693 cute
2134 628 2311 693 novi.

2556 628 2644 693 30

450 733 610 798 Non
634 733 837 816 pudet
864 733 951 797 ad
977 752 1224 796 morem
1254 732 1559 798 discincti
1589 734 1810 797 vivere
1842 732 2071 796 Nattae
2092 732 2123 792 ‘l
2200 735 2203 740 Α

452 835 586 900 Sed
616 835 971 918 stupethic
1001 835 1188 911 vitiu,
1214 839 1280 898 et
1304 835 1486 898 fibris
1514 835 1790 899 increvit
1815 834 2112 915 opimum

440 985 672 1046 mere
690 983 860 1045 cauis,

882 983 992 1047 quia
1014 981 1282 1031 naillesimus
1302 982 1460 1031 trahis
1492 981 1665 1032 lineam
1690 981 2027 1033 successionis
2049 979 2108 1028 ab
2133 981 2332 1030 Etntsco
2349 994 2554 1042 gener-25
2585 981 2656 1029 uel

453 1049 590 1113 quod
618 1049 864 1097 Censorem
888 1048 1025 1097 inter
1045 1051 1150 1095 tuos
1167 1048 1367 1110 alatas,
1384 1047 1458 1097 vel
1479 1048 1591 1110 qaia
1611 1047 1775 1097 trabea
1801 1047 2002 1097 uestitus
2034 1045 2123 1094 es?
2188 1046 2271 1094 Aa
2286 1045 2467 1109 plebem
2500 1044 2656 1108 phale-

449 1127 545 1162 ras.
617 1114 724 1173 Ego
744 1116 793 1160 te
810 1125 1031 1172 cognosco
1062 1111 1337 1162 inter-iuret
1371 1112 1598 1161 maius.
1667 1113 1824 1174 Numq

1828 1111 1910 1160 uid
1949 1125 2040 1160 nou
2059 1110 2237 1172 pudore
2268 1110 2473 1175 afficeris
2508 1111 2654 1160 vitan·

450 1192 592 1240 agere
605 1179 668 1227 ad
686 1177 842 1240 intuear
865 1177 1031 1225 Natta
1048 1172 1299 1225 dissoluti?
1329 1175 1402 1226 At
1433 1176 1514 1225 ille
1543 1176 1760 1240 stupidas
1785 1180 1853 1225 est
1874 1174 2061 1235 defecta
2078 1179 2298 1238 natum,
2319 1179 2365 1223 et
2388 1175 2441 1223 ia
2457 1188 2654 1237 proeoor-

1380 1307 1404 1324 ⁴
1411 1304 1701 1325 ‘WOOOOO
1707 1303 1732 1321 O

455 1343 543 1450 sit,
584 1388 716 1444 Quia
768 1385 1010 1438 metuam?
1076 1387 1168 1437 sed
1213 1386 1368 1438 aliter
1411 1387 1593 1452 scripti
1633 1386 1901 1438 libii-29
1945 1388 2249 1436 Censor-emec
2286 1384 2419 1436 Edd.
2456 1384 2655 1450 plurim.

1453 1499 1667 1550 NOTAE
1710 1537 1715 1542 .

519 1610 583 1655 28
617 1606 874 1656 Stemmata
911 1607 1032 1670 quod
1067 1606 1270 1669 ΊἼιωι-ο,
1298 1604 1405 1669 ξω]
1440 1606 1517 1655 Eo

1595 1604 1705 1656 Alii
1725 1605 2025 1670 intelligunt
2047 1606 2259 1656 salutari
2282 1604 2527 1670 imagines
2549 1606 2662 1655 Ma-

459 1684 598 1750 quod
626 1700 737 1749 per
780 1686 921 1736 mille
962 1686 1319 1749 generationes
1362 1686 1519 1750 origi·
1585 1682 1760 1745 jorum
1778 1682 1832 1731 in
1855 1684 1988 1732 atrio
2009 1689 2225 1733 stantes.
2289 1683 2367 1733 Eo
2390 1683 2530 1748 quod
2551 1681 2656 1732 Ne·

458 1775 576 1810 nem
600 1760 762 1823 ducas
802 1777 869 1812 ex
905 1763 1079 1827 aliqua
1110 1767 1320 1812 vetusta
1342 1769 1398 1811 et
1430 1777 1519 1812 uo·

457 1837 551 1886 bili
587 1838 813 1888 Etruriae
847 1837 1064 1888 familia.
1129 1839 1298 1890 Porro
1321 1844 1519 1890 ateium

455 1915 643 1964 Latine
664 1925 855 1964 corona
893 1922 974 1964 est
1012 1929 1041 1964 e
1071 1914 1282 1965 floribus
1304 1925 1518 1980 praeser-

457 1990 565 2040 tim.
632 1991 996 2055 Metaphorice
1049 1992 1275 2041 sumitur
1325 2000 1379 2041 et
1424 2006 1519 2055 pro

455 2065 727 2129 gentilitiis
767 2068 1070 2131 insignibus,
1106 2069 1297 2132 et'pro
1336 2070 1520 2118 statuis

457 2148 514 2191 et
554 2144 862 2206 imaginibus
906 2135 1188 2208 Majorum,
1224 2160 1338 2208 quae
1375 2160 1523 2194 orna-

457 2218 650 2267 bantur
672 2221 822 2269 sertis
856 2220 1105 2283 ejusmodi
1136 2218 1310 2269 floreis
1348 2226 1404 2269 et
1436 2234 1521 2270 co-

454 2292 631 2342 rollis:
691 2292 816 2343 item
865 2309 959 2358 pro
1003 2294 1207 2356 arbore,
1251 2303 1310 2344 ut
1354 2295 1521 2357 aiunt,

455 2367 942 2431 consanguinitatis,
977 2384 1129 2433 quam
1166 2369 1335 2420 ductis
1375 2371 1522 2420 lineis

457 2443 752 2508 additisque
776 2445 1010 2495 rotundis
1031 2444 1210 2508 figuris
1223 2444 1520 2498 efficiebant

457 2520 673 2585 antiqui,
690 2529 747 2570 et
764 2528 979 2571 stemma
1003 2521 1357 2585 appellabant.
1382 2524 1518 2574 Plin.

459 2609 639 2646 xxxv.
661 2602 710 2647 2.
736 2598 751 2626 ‘
776 2598 1061 2647 Stemmata
1095 2599 1242 2648 lineis
1265 2599 1518 2650 discurre-

458 2675 585 2725 bant
607 2674 669 2724 ad
695 2675 938 2738 imagines
961 2674 1166 2739 pictas.’
1205 2674 1339 2725 Vide
1360 2675 1518 2727 Juve-

459 2754 562 2802 nal.
583 2754 695 2803 Sat.
719 2767 848 2802 vm.
874 2753 1040 2803 initio.

524 2829 904 2893 Rmnamducis]
939 2831 1149 2881 Lineam
1186 2846 1373 2895 nempe
1410 2845 1522 2880 sut:-

458 2907 717 2956 cessionis.
746 2906 996 2969 Isidorus,
1018 2921 1097 2956 11.
1126 2912 1174 2958 0.
1216 2908 1400 2957 Solent
1420 2908 1521 2957 Ad-

461 2984 632 3033 vocati
653 2990 943 3043 stemmata,
966 2986 1077 3032 sive
1111 2985 1423 3033 ramusculos
1447 2982 1522 3032 fa-

460 3073 582 3108 cere
621 3061 674 3108 in
714 3073 918 3122 genere,
948 3074 1067 3108 cum
1105 3058 1293 3122 gradus
1330 3072 1521 3121 cogua-

459 3134 659 3183 tionum
684 3134 993 3196 partiuntur.

523 3212 590 3257 29
626 3209 928 3257 Censorem
948 3206 1104 3270 tuam]
1138 3207 1200 3256 In
1225 3214 1315 3256 tua
1337 3221 1521 3270 cogna-

462 3283 603 3335 tione
625 3290 680 3332 et
702 3289 874 3345 geute.

531 3360 784 3424 Trabeate]
837 3359 1010 3410 Nobili
1054 3369 1200 3411 veste
1244 3361 1454 3411 indutus
1487 3376 1518 3411 e

462 3452 709 3502 purpura.
763 3435 915 3487 Alex.
952 3437 1017 3487 ab
1052 3436 1204 3488 Alex.
1229 3450 1281 3487 V.
1307 3442 1387 3486 18.
1425 3439 1524 3487 Ro-

462 3515 655 3563 mulum
698 3513 916 3577 primum
959 3513 1137 3563 trabea
1174 3528 1317 3562 usum
1361 3511 1522 3563 fuisse

464 3588 566 3648 ait;
612 3596 668 3639 et
708 3589 918 3656 triplex⁸
938 3588 1133 3637 trabeae
1179 3604 1339 3652 genus
1379 3590 1523 3637 lucu·

462 3664 632 3712 lenter
663 3665 911 3726 explicat.
968 3664 1099 3713 Vide
1135 3665 1377 3715 Juvenal.
1412 3667 1522 3716 Sat.

463 3753 588 3789 vm.
611 3743 724 3788 259.
748 3741 926 3804 ibique
947 3738 1197 3789 Annotat.
1279 3769 1282 3770 ν

530 3813 743 3876 Solutus]
781 3815 1032 3863 Nimirum
1066 3816 1119 3864 in
1159 3831 1349 3866 censu:
1388 3825 1525 3880 post-

463 3905 617 3960 quam
638 3889 773 3940 enim
798 3890 998 3938 Censor
1021 3891 1235 3954 Equites
1263 3893 1523 3944 Romanos

465 3973 859 4033 recognoverat,
881 3964 933 4013 hi
958 3971 1076 4015 ante
1111 3966 1253 4016 illum
1289 3968 1340 4016 in
1367 3969 1526 4019 tribu-

465 4045 570 4095 nali
628 4044 893 4095 sedentem
956 4042 1415 4094 transvehebantur
1471 4046 1526 4096 iu

419 4134 619 4190 Χοιῃιιο,
656 4127 713 4170 et
752 4119 952 4184 trabea,
973 4132 1191 4186 eumque
1212 4120 1526 4174 salutabant.

1597 1757 1736 1808 ronis
1759 1767 1993 1822 tempore
2029 1762 2286 1810 Censores
2326 1760 2456 1810 nulli
2492 1766 2657 1814 erant.

1598 1834 1684 1884 lta
1723 1841 1921 1898 pugnat
1954 1833 2245 1886 Autumnus
2286 1836 2533 1886 adversus
2566 1835 2660 1886 o·-

1601 1912 1902 1970 saubonum,
1927 1911 2261 1976 inprimisque
2298 1919 2482 1961 contra
2520 1909 2661 1962 Mar-

1602 1988 1806 2038 cilium:
1841 1995 1898 2038 at
1926 1987 2157 2053 quamvis
2182 1987 2308 2037 nulli
2330 1994 2508 2038 essent
2540 1994 2662 2038 tunc

1604 2065 1873 2129 Censores,
1933 2065 2187 2128 Princeps
2250 2065 2363 2129 ipse
2427 2065 2663 2115 Censoris

1601 2155 1780 2189 munus
1797 2142 1896 2190 hoc
1921 2142 2217 2191 exercebat.

1665 2221 1730 2265 80
1760 2217 1846 2266 Aa
1865 2218 2086 2280 populum
2120 2216 2358 2282 phalerus]
2396 2216 2526 2267 Haec
2550 2231 2663 2266 ver-

1602 2291 1669 2340 ba
1710 2292 1863 2355 plane
1908 2292 2294 2343 accommodata
2326 2292 2390 2340 ad
2431 2293 2665 2358 proposi-

1603 2372 1728 2426 tum,
1745 2382 1863 2416 cum
1897 2375 2020 2430 agat
2062 2374 2246 2417 contra
2285 2368 2529 2434 Equitem
2565 2370 2663 2419 Ro-

1602 2456 1822 2492 manum.
1889 2444 2108 2493 Phaleroe
2139 2451 2258 2493 sunt
2295 2446 2561 2510 equestria
2582 2460 2666 2495 or·

1597 2526 1857 2567 namenta.
1922 2519 2113 2569 Sensus
2155 2527 2268 2570 est:
2322 2535 2386 2570 ne
2431 2526 2663 2572 ostentes

1596 2593 1817 2645 fortunae
1843 2596 1996 2658 bona,
2018 2612 2131 2661 quae
2162 2611 2263 2646 non
2296 2605 2350 2646 te
2382 2597 2662 2649 nobilitant

1597 2673 1778 2736 magis,
1808 2688 1972 2738 quam
2020 2675 2244 2738 phalerae
2287 2689 2495 2740 equum.
2562 2676 2665 2728 lua

1600 2749 1803 2812 plebem
1844 2750 2137 2815 imperitam
2183 2751 2452 2816 decipiunt
2484 2768 2546 2803 ac
2580 2753 2668 2803 de·

1600 2825 1788 2890 tinent,
1824 2842 1927 2877 non
1981 2835 2151 2877 autem
2197 2828 2332 2877 viros
2377 2829 2661 2893 sapientes,

1600 2903 1688 2966 qui
1711 2918 1740 2952 e
1763 2901 1882 2953 solis
1901 2903 2057 2952 animi
2080 2904 2228 2954 bonis
2248 2905 2506 2956 hominem
2528 2907 2662 2956 aesti-

1601 2987 1760 3026 mant.
2590 3006 2599 3012 ·

1667 3052 1801 3100 Intus
1837 3056 1883 3101 et
1911 3053 1965 3102 iu
1996 3053 2124 3117 cute]
2169 3053 2385 3105 Iutimos
2407 3057 2565 3107 animi
2591 3057 2667 3106 tui

1603 3142 1857 3190 recessus,
1894 3136 1950 3180 et
2000 3145 2341 3196 quaecumque
2382 3133 2457 3182 ibi
2498 3135 2671 3185 latent

1600 3202 1728 3253 vitia
1750 3205 2022 3268 perspicio.
2118 3237 2121 3240 η

1664 3285 1724 3330 31
1753 3282 1947 3347 Nattoe]
1971 3285 2059 3354 ¹³9
2081 3299 2183 3347 qno
2206 3285 2397 3334 Horat.
2420 3284 2534 3334 Sat.
2558 3299 2597 3336 1.
2618 3292 2668 3336 6.

1601 3360 1824 3412 Quidam
1846 3362 2045 3423 legunt,
2070 3362 2260 3410 Naccoe.
2297 3361 2559 3426 Quicquid
2584 3362 2675 3424 sit,

1602 3443 1812 3485 constat
1841 3435 2063 3498 intelligi
2098 3436 2352 3484 bominem
2385 3436 2581 3486 deliciis
2616 3443 2672 3487 et

1602 3510 1813 3560 libidine
1840 3510 2122 3575 perditum,
2139 3512 2247 3560 sive
2271 3511 2314 3560 is
2332 3512 2508 3562 infima
2528 3520 2668 3564 sorte

1602 3586 1777 3651 fuerit,
1817 3588 1928 3636 sive
1968 3586 2104 3637 domi
2162 3588 2349 3637 nobilis
2394 3604 2423 3636 a
2469 3589 2674 3640 virtute

1603 3671 1824 3725 paterna
1847 3662 2148 3713 desciverit.

1667 3744 1731 3788 32
1764 3740 1861 3789 Sed
1879 3744 2034 3803 stupet
2057 3739 2158 3803 hic]
2190 3740 2294 3790 Hic
2316 3741 2383 3791 ad
2405 3748 2670 3805 stuporem

1603 3829 1765 3878 nsque
1797 3815 1906 3880 jam
1948 3815 2176 3877 devenit,
2213 3830 2311 3865 nec
2350 3832 2406 3866 se
2444 3832 2667 3881 peccare

1607 3891 1871 3941 advertit:
1925 3890 2064 3940 unde
2116 3891 2446 3941 miseratione
2508 3891 2672 3958 magis

1609 3981 1761 4032 quam
1782 3967 2180 4030 reprehensione
2204 3966 2386 4030 dignus
2405 3966 2631 4020 videtur.

1674 4044 1834 4094 Fibris
1862 4044 2059 4094 increvit
2093 4042 2298 4106 opimum
2309 4043 2512 4108 pingue]
2553 4046 2677 4095 Ter-

1609 4119 1810 4173 tulliau.
1840 4119 1933 4172 lib.
1967 4118 2036 4170 de
2070 4118 2261 4170 Anima
2280 4133 2348 4172 =c.
2372 4124 2456 4174 8⁰.
2494 4122 2511 4150 ‘
2537 4121 2669 4188 Opi-
