2992 4859
1186 285 1635 378 Juvnmlms.
2177 367 2188 376 .
2356 305 2526 384 1261

711 847 1261 929 RECENSUS
1314 845 1840 925 CODICUM
1893 846 2134 928 MSS.

352 1047 501 1117 QUI
547 1047 669 1104 AD
716 1045 1348 1106 RECENSENDUM
1406 1040 1907 1103 JUVENALEM
1953 1042 2335 1106 ADHIBITI
2382 1048 2483 1108 ET

352 1208 377 1224 .
480 1175 650 1232 VEL
704 1173 812 1232 AB
853 1173 1064 1232 ALIIS
1109 1172 1272 1232 VEL
1311 1174 1362 1229 A
1412 1169 1659 1229 NOBIS
1710 1167 2061 1230 COLLATI
2107 1172 2341 1234 SUNT.

306 1367 746 1433 (memorabimus
787 1382 878 1418 eo·
922 1367 1204 1418 seeundum
1248 1366 1485 1417 ordinem
1525 1376 1873 1428 numerorum,
1905 1362 2094 1429 quibus
2126 1365 2181 1416 In
2214 1366 2337 1418 Ver.
2371 1368 2519 1420 Lect-

369 1447 633 1514 denigo-‘ti
654 1446 819 1514 sunt.)

792 1598 1151 1670 CODICES
1188 1597 1503 1669 THEOD.
1551 1596 2018 1655 PULMANNI.

386 1735 445 1789 2.
495 1725 1003 1805 Noviomagevm's.

378 1833 444 1886 3.
492 1822 845 1882 Pulmanni.

381 1928 443 1979 4.
490 1918 692 1979 Hadr.
719 1917 918 1980 Junii.

385 2025 442 2076 5.
487 2013 862 2095 Miggrodii.

302 2113 381 2172 Hi
408 2131 444 2170 a
474 2111 804 2170 Pulmanno
852 2129 1045 2188 neque
1090 2108 1422 2168 accuratius
1464 2107 1746 2186 descripti
1791 2117 1943 2180 sunt,
1991 2129 2183 2191 neque
2208 2108 2516 2190 diligenter

300 2208 521 2270 collati.
606 2206 755 2267 Vid.·
773 2226 934 2285 supr.
963 2205 1038 2265 ad
1068 2206 1209 2265 edit.
1243 2205 1547 2266 Pulmanni
1576 2187 1858 2282 Antvefp.
1897 2204 2068 2268 1565.

771 2337 1129 2396 CODICES
1174 2335 1606 2395 HENNINIO
1653 2334 2038 2395 LAUDATI.

377 2465 440 2527 6.
484 2465 622 2525 Jac.
656 2463 836 2525 Sunii.

377 2570 434 2630 7.
480 2559 1057 2643 Amstelodamemie.

298 2656 648 2726 Herminius»,
669 2656 772 2735 qui
808 2657 934 2735 ipse
975 2673 1168 2734 neque
1197 2654 1543 2714 membranis
1572 2676 1708 2716 usus
1737 2665 1844 2729 est,
1878 2678 2069 2736 neque
2098 2657 2380 2718 editiones
2407 2676 2511 2717 an·
2550 2701 2578 2726 ,

297 2754 510 2833 tiquas,
533 2762 751 2832 praeter
776 2753 1025 2831 priorem
1055 2750 1357 2829 Stephani,
1389 2751 1662 2822 contulit,
1714 2753 1790 2811 ad
1835 2754 2058 2821 calcem
2101 2753 2509 2830 prolegomen.

299 2849 673 2909 notabiliores
716 2848 881 2908 dedit
916 2848 1199 2908 lectiones
1230 2848 1434 2907 horum
1466 2848 1765 2919 codicum,
1798 2849 1872 2907 de
1903 2869 2151 2926 quorum
2196 2848 2392 2906 indole
2435 2867 2510 2907 ne

296 2965 479 3008 uuum
510 2945 750 3026 quidem
778 2945 1021 3005 verbum
1052 2945 1236 3004 addit.
1308 2944 1470 3003 Illius
1493 2945 1774 3004 lectiones
1807 2945 2048 3005 editioni
2077 2943 2512 3004 Pulmannianae

294 3047 374 3119 (a.
410 3041 614 3115 1565.)
654 3042 971 3118 subjectu,
1024 3041 1198 3117 hujus
1245 3040 1324 3100 ab
1372 3040 1775 3101 Almelovenio
1822 3053 2134 3120 excerptas
2177 3061 2302 3101 esse
2338 3040 2510 3100 dicit.

293 3138 651 3198 Pulmannus
680 3158 814 3196 vero
845 3147 1097 3217 quatuor
1122 3145 1347 3196 tantum
1380 3136 1639 3209 codices»,
1671 3139 1844 3197 nobis
1867 3139 2041 3198 modo
2071 3138 2361 3209 laudatos,
2391 3156 2514 3196 me-

295 3233 562 3304 moravit,
587 3253 778 3314 neque
808 3236 1119 3294 Susianum
1147 3253 1469 3292 memorare
1499 3236 1727 3310 potuit:
1771 3254 1903 3292 nam
1948 3234 2085 3293 Jac.
2115 3233 2334 3303 Susius,
2364 3232 2512 3291 doc·

297 3339 389 3392 tus
418 3333 667 3404 Jesuita,
714 3342 776 3394 et
823 3332 1155 3411 coadjutor
1201 3331 1542 3409 spiritualis,
1589 3350 1742 3391 anno
1788 3331 2026 3391 demum
2077 3338 2251 3391 1588.
2297 3327 2509 3409 Brugis

297 3438 466 3489 natus
493 3439 604 3501 est,
634 3439 694 3490 et
721 3449 776 3489 a.
811 3428 987 3501 1639.
1018 3438 1279 3488 mortuus
1306 3429 1571 3488 Lovanii.

976 3561 1330 3620 CODICES
1378 3562 1443 3619 P.
1492 3557 1820 3656 Pl‘fflOEl.

376 3695 435 3751 8.
463 3687 909 3765 antiquiseimus
936 3685 1252 3746 Budensic.

375 3792 436 3852 9.
482 3782 785 3843 Latiniac.

296 3881 389 3939 De
414 3880 514 3938 illo
561 3879 676 3938 vid.
709 3899 867 3956 supr.
899 3880 975 3940 ad
1019 3880 1167 3939 edit.
1202 3877 1382 3938 Paris.
1420 3885 1591 3939 1585.
1653 3879 1910 3939 Alterius
1959 3878 2184 3939 codicis
2226 3877 2508 3940 lectiones

295 3975 542 4035 subinde
569 3977 829 4035 enotavit
856 3976 1136 4047 Pithoeus,
1170 3976 1269 4033 sed
1303 3975 1518 4033 nullam
1548 3975 1684 4051 ejus
1712 3977 1978 4036 notitiam
2007 3977 2189 4036 dedit.
2247 3974 2508 4034 Aliorum

296 4093 533 4151 quoque
562 4073 842 4132 codicum
886 4093 1305 4150 nonnunquam
1349 4072 1702 4134 mentionem
1733 4073 1918 4134 fecit:
1961 4074 2065 4152 qui
2093 4083 2286 4133 tamen
2312 4075 2510 4128 utrum

294 4169 504 4250 scripti
534 4171 770 4243 fuerint,
799 4189 876 4230 an
904 4170 1065 4242 editi,
1095 4171 1292 4232 dicere
1322 4189 1436 4230 non
1466 4167 1679 4231 habeo.
