2992 4859
498 291 677 399 1268
1211 309 1600 390 ammaus
1644 331 1980 389 conicum

487 481 622 566 jam
648 491 907 548 enotata.
988 484 1267 546 Ceterum
1292 482 1443 544 alter
1467 481 1734 543 Persium
1759 477 2029 543 ‘Juvenali
2057 475 2362 560 junctum,
2383 489 2452 544 et
2475 483 2706 566 glut

498 581 701 654 habet,
728 591 858 643 tum
879 559 1246 653 interlineas,
1273 589 1402 642 tum
1429 580 1674 659 margini
1700 575 2006 659 ascriptas,
2033 579 2136 640 sed
2166 595 2377 712 parum
2403 579 2644 643 utiles.

582 686 682 743 25.
729 677 1082 761 Lipsiensis,

494 777 1001 864 membranaceae,
1030 785 1088 839 et
1130 775 1468 837 recentioris
1508 794 1748 855 quoque
1795 775 2009 849 aetatis,
2040 777 2231 857 neque
2261 771 2457 835 tamen
2484 774 2702 862 nullium

495 859 798 946 momenti,
828 895 998 955 quem
1028 894 1162 935 cum
1191 873 1418 954 aliquot
1438 871 1611 935 editt.
1641 873 1788 933 antt.
1809 874 2008 956 (Lips.
2042 879 2218 945 1497.
2245 881 2308 933 et
2328 878 2504 940 1507.
2547 870 2706 932 Ven.

498 979 680 1042 1498.
760 976 1003 1052 Argent.
1038 981 1215 1034 1518.
1299 969 1575 1030 Heidelb.
1611 973 1812 1046 1590.)
1852 990 1886 1030 e
1930 969 2206 1030 biblioth.
2250 968 2515 1030 academ.
2557 968 2704 1030 rnrhi

495 1064 785 1128 benevole
825 1068 1227 1130 commodavit
1273 1066 1364 1126 111.
1410 1066 1596 1137 Beck,
1626 1085 1758 1125 meo
1796 1065 2029 1126 nomine
2067 1074 2307 1144 rogatus
2331 1066 2416 1124 ab
2438 1064 2709 1134 amicisu

497 1163 767 1238 Kalamai,
798 1186 918 1246 quo
963 1186 1154 1246 neque
1198 1151 1599 1224 humaniorem
1627 1153 1852 1233 Virum,
1880 1180 2073 1242 neque
2112 1161 2511 1248 candidiorem
2543 1172 2703 1222 tetra

494 1261 651 1335 tulit,
678 1263 872 1343 neque
923 1264 1020 1324 cui
1064 1283 1159 1324 me
1202 1260 1277 1320 sit
1315 1251 1642 1319 devinctior
1667 1258 1833 1320 alter.
1915 1257 2140 1319 Eadem
2166 1251 2384 1328 manus,
2395 1266 2523 1318 tum
2550 1257 2703 1318 inter

491 1355 694 1430 lineas,
724 1372 850 1420 tum
898 1359 957 1419 iu
1007 1369 1259 1438 utroque
1300 1355 1560 1434 margine
1602 1355 1814 1416 multas
1847 1353 2120 1434 ascripsit
2155 1355 2394 1435 glossas,
2422 1373 2458 1413 e
2484 1348 2705 1432 q‘uihm

495 1454 675 1515 tacite
705 1456 993 1535 quasdam
1019 1457 1099 1516 ab
1127 1459 1266 1515 Ant.
1296 1452 1654 1514 Mancinello
1679 1453 2049 1531 transcriptas
2066 1461 2128 1512 et
2154 1471 2264 1531 pro
2283 1449 2404 1513 suia
2426 1449 2703 1513 vendita-

496 1557 588 1612 tas
633 1551 1039 1613 animadverti.
1090 1552 1189 1615 cf.
1219 1570 1380 1631 supr.
1428 1553 1678 1612 Recens.
1721 1549 1920 1610 Editt„
1947 1549 2028 1609 ad
2073 1549 2408 1610 Commeat.
2453 1546 2704 1610 Domitii

408 1683 433 1694 -
497 1645 794 1709 Calderlm
820 1649 919 1710 ed
946 1670 1001 1710 a.
1038 1658 1208 1720 1474.
1659 1683 1666 1690 ·
2405 1659 2428 1676 ⁶

502 1771 507 1778 ·
574 1743 677 1805 26.
729 1746 1214 1828 Horrebat-gemis,
1245 1749 1449 1809 formae
1476 1754 1730 1832 octavae,

496 1856 673 1917 quem
721 1841 778 1902 in
829 1844 958 1923 ipsa
986 1843 1347 1904 bibliotheca
1390 1842 1680 1904 senatoria
1724 1861 1859 1902 cum
1901 1841 2045 1904 edit.
2074 1839 2470 1904 Henniniana
2486 1840 2708 1920 perhu-

489 1940 741 2000 maniter
781 1949 1196 2021 compararunt
1239 1944 1297 2002 S.
1325 1943 1401 2001 V.
1432 1940 1837 2001 Lichtenatet'n
1880 1949 1942 2000 et
1982 1939 2077 2000 cl.
2111 1937 2546 2009 Frendentloeil,
2577 1937 2706 1998 col-³

488 2036 621 2117 lega
661 2038 1065 2116 amicissimus,
1109 2041 1209 2120 qui
1251 2059 1387 2099 eum
1435 2039 1587 2098 Soec.
1629 2053 1730 2097 ιω.
1779 2035 2063 2115 scriptum
2109 2033 2502 2113 suspicantur.
2581 2034 2706 2097 Sed

490 2152 685 2213 neque
706 2137 906 2196 studio
932 2136 1322 2208 librariorum,
1344 2155 1538 2214 neque
1563 2134 1879 2196 lectionum
1902 2133 2209 2196 bonitate
2192 2130 2437 2213 msignis
2459 2139 2576 2192 est.

575 2233 1299 2313 27.Κιι1ιιι1εαιιιρι”αιιιισ,

490 2329 973 2389 membranaceus
1000 2338 1061 2389 et
1087 2330 1353 2409 ejusdem
1375 2328 1604 2402 formae,
1623 2329 2032 2418 eleganterque
2056 2329 2337 2409 scriptus,
2364 2327 2471 2389 sed
2494 2337 2708 2389 recen-

490 2419 626 2496 tior,
676 2443 864 2504 neque
912 2425 1105 2504 magni
1147 2426 1337 2504 pretii,
1387 2427 1498 2486 etsi
1538 2426 1819 2487 lectiones
1860 2426 2147 2488 interdum
2181 2425 2420 2487 exhibet
2458 2426 2521 2485 iu
2563 2425 2706 2485 aliie

491 2515 850 2582 membranis
876 2521 1134 2583 nondum
1163 2532 1443 2601 repertae.
1506 2520 1816 2582 Consentit
1840 2523 2188 2601 plerumque
2216 2541 2350 2582 cum
2382 2521 2706 2603 Lipaicnai‚·

444 2639 447 2648 ·
490 2621 553 2679 et
579 2638 653 2680 ex
681 2618 890 2680 eodem
931 2618 1127 2680 forsan
1159 2620 1323 2680 fonte
1362 2617 1555 2679 fluxit.
1657 2618 1792 2678 Fuit
1817 2618 1958 2679 oliui
1984 2619 2044 2678 in
2071 2617 2357 2696 pmclara
2381 2617 2445 2678 b.
2471 2618 2702 2682 Kalen-

483 2709 687 2796 k'ampi
710 2715 1113 2784 bibliotheca;
1155 2735 1228 2774 ex
1276 2735 1395 2795 qua
1437 2715 1541 2792 qui
1589 2734 1724 2774 eum
1773 2714 1979 2775 emerit
2022 2713 2249 2793 ignoro.
2279 2735 2284 2744 ·
2331 2713 2520 2775 Paulo
2558 2725 2704 2776 vero

486 2819 627 2873 ante
652 2811 828 2891 qnam
865 2813 993 2874 haec
1022 2811 1360 2890 Goettingae
1402 2809 1786 2883 vendebatur,
1830 2810 1991 2871 illum
2034 2810 2448 2891 benignissime
2485 2808 2564 2872 ad
2601 2825 2703 2874 me

490 2909 655 2971 misit
678 2910 769 2969 m.
796 2910 1028 2989 Heyne‚
1058 2909 1264 2969 unicus
1292 2916 1625 2987 praeceptor
1660 2928 1828 2976 meus
1854 2907 2169 2987 fautorque
2193 2901 2706 2988 generosissimus.

1101 3005 1387 3066 CODEX
1426 3004 1617 3065 ROB.
1659 3005 2093 3086 STEPHANI.

488 3115 499 3124 ·
568 3110 672 3166 28.
720 3100 914 3163 Codex
940 3108 1202 3162 vetustus
1230 3100 1389 3161 Rob.
1417 3099 1723 3196 Stephani

485 3198 661 3277 cujus
689 3199 865 3259 variae
893 3196 1173 3258 lectiones
1200 3195 1275 3256 ad
1290 3196 1533 3257 calcem
1574 3197 1717 3259 edit.
1744 3199 2030 3279 Stephani
2069 3195 2264 3262 Latet.
2296 3205 2476 3262 1544.
2501 3207 2565 3261 8.
2591 3146 2708 3262 de·

480 3293 950 3376 prehenduntur,
999 3313 1135 3371 quae
1176 3294 1347 3354 bonae
1381 3292 1620 3372 quidem
1649 3295 1992 3376 plerumque
2037 3303 2177 3358 sunt
2221 3306 2284 3357 et
2328 3298 2406 3358 ab
2451 3297 2702 3377 optinuit

483 3389 810 3452 editoribus
833 3398 1109 3468 receptae.
1191 3388 1311 3449 Sed
1340 3389 1674 3467 Stephanus
1700 3410 1924 3469 paucas
1952 3401 2180 3454 tantum
2207 3393 2493 3466 enotavit,
2517 3399 2602 3474 (v.
2632 3417 2700 3461 c‹

488 3485 554 3545 in
586 3488 710 3547 Sat.
742 3502 841 3545 lx.
872 3502 942 3543 x.
972 3493 1034 3544 et
1059 3484 1190 3545 flu.
1217 3503 1336 3545 non
1364 3484 1473 3545 nisi
1504 3504 1699 3559 unam,
1726 3488 1787 3546 in
1827 3489 1949 3548 Sat.
1991 3503 2103 3549 111.
2128 3495 2191 3550 et
2215 3490 2698 3564 1111.‘binas‚'in

487 3582 612 3644 Sat.
647 3598 723 3644 11.
753 3592 814 3642 et
833 3598 961 3643 vn.
992 3580 1200 3655 trinas)
1224 3602 1419 3662 neque
1439 3582 1632 3660 ipsum
1662 3583 1931 3647 codicem
1959 3585 2298 3646 accuratius
2322 3587 2660 3668 descripsit.
2691 3615 2698 3622 ·

490 3690 496 3708 '
568 3688 669 3750 29.
706 3680 995 3740 CODEX
1038 3677 1579 3748 BASILEENSIS,

484 3791 519 3837 e
566 3794 688 3854 quo
737 3777 1075 3837 varietatem
1120 3775 1394 3836 lectionis
1438 3783 1778 3855 excerptam
1822 3776 1990 3838 dedit
2019 3779 2385 3841 Wetstenins
2435 3778 2497 3840 i'n
2541 3780 2702 3844 edit.

474 3873 731 3956 ‘Amsteh
796 3869 972 3936 1684.
1041 3882 1100 3935 8.
1162 3872 1264 3932 ubi
1319 3882 1514 3933 tamen
1584 3873 1823 3935 ulterior
1888 3874 2021 3952 ejus
2089 3875 2434 3957 descriptio
2469 3875 2701 3946 frustra

483 3969 787 4052 quael'itur
846 4065 1017 4125 ALn
1058 4065 1417 4128 CODICES
1451 4068 1559 4127 AB
1596 4068 1810 4129 ALIIS
1851 4065 2329 4132 ΜΕΜΟΒΑΤῙ.

332 4195 349 4209 κ
476 4159 699 4224 Praeter
725 4162 859 4236 hos,
885 4182 1037 4244 quos
1053 4155 1189 4242 jam
1208 4164 1494 4235 recensui.
1517 4163 1762 4228 ‘codices
1804 4164 1920 4228 viri
1955 4165 2130 4228 docti
2163 4167 2446 4250 passim
2425 4187 2494 4229 m
2517 4188 2696 4237 aon·
