2992 4859
1013 379 1032 394 =
1105 357 1354 406 PERSu
1419 353 1584 406 SAT.
1615 359 1718 406 vl.

393 503 460 548 ⁷9
500 499 737 563 Depinge,
768 500 875 563 ξω]
928 498 994 547 In
1031 499 1261 550 editione
1301 500 1386 549 Pi-

327 575 455 624 thoei
498 583 579 625 est
615 577 847 639 depunge,
913 576 1048 640 quod
1101 578 1388 641 perplacet.

326 651 658 701 Translatum
684 667 716 700 a
737 652 881 702 librae
899 666 1087 716 scapo:
1129 653 1216 702 ubi
1236 667 1390 716 punc·

330 729 397 778 tis
430 736 620 778 notatae
644 736 764 779 sunt
799 729 1079 794 ponderum
1117 746 1386 781 mensurae.

330 805 468 855 Heio
490 807 649 869 igitur
670 807 878 856 Persius
916 822 1122 856 avarum
1143 807 1388 857 heredem

329 891 499 947 urget,
520 883 708 931 doceat
728 899 782 932 se
806 883 891 932 ubi
920 883 1070 932 sistat
1092 899 1106 931 :
1152 882 1388 932 nimirum

328 958 382 1009 id
408 961 568 1009 voluit
589 961 768 1023 paucis
804 959 1098 1021 ostendere,
1117 971 1296 1008 avaros
1331 957 1389 1007 fi-

330 1052 448 1087 nem
470 1037 714 1101 consequi
736 1052 1011 1101 nunquam.
1057 1037 1367 1085 Casuubonus.

396 1119 460 1164 80
497 1114 737 1176 Inventus,
767 1116 871 1179 esa]
911 1114 1099 1178 Specie
1132 1115 1390 1179 proverbii

327 1190 424 1240 hoe
447 1190 662 1252 dicitur,
680 1192 823 1255 quasi
849 1192 1082 1242 diceret:
1127 1194 1272 1241 Doce
1307 1207 1390 1241 me

329 1266 483 1316 finem
530 1273 633 1316 tuae
677 1267 936 1316 avaritiae:
997 1267 1140 1332 atqui
1184 1268 1389 1334 modum

328 1342 594 1406 imponere
613 1350 713 1392 tuae
739 1344 970 1393 avaritiae
993 1358 1095 1393 non
1119 1344 1278 1406 magis
1301 1359 1388 1408 po-

332 1425 412 1468 tes
435 1425 512 1481 tu,
536 1434 685 1484 quam
710 1421 829 1469 olim
865 1420 1038 1483 potuit
1070 1419 1388 1484 Chrysippus

329 1495 486 1546 finem
508 1498 679 1545 soritis
702 1497 950 1559 invenire,
970 1504 1027 1546 et
1045 1497 1133 1546 nbi
1152 1496 1390 1545 resisten-

332 1573 453 1621 dum
476 1577 615 1621 esset
632 1570 866 1622 definire.
907 1571 1000 1621 Ait
1021 1586 1142 1620 vero
1160 1570 1390 1632 Persius,

333 1643 410 1699 tui
436 1649 696 1713 Chrysippe
713 1647 897 1698 acervi.-
932 1648 1054 1712 quia
1086 1648 1302 1696 multum
1335 1647 1391 1697 in

330 1740 392 1773 eo
411 1723 725 1789 Chrysippus
739 1724 1033 1789 sudaverat,
1053 1731 1114 1773 ut
1134 1722 1391 1773 finitorem

2400 347 2532 413 283

1468 499 1641 549 acervi
1662 499 1945 550 inveniret:
1978 499 2068 549 sed
2091 498 2298 549 frustra.
2326 499 2529 552 Comb.

1473 577 1714 626 Thr-nebus
1735 582 1991 627 xxx.7.-—
2002 577 2291 641 Chrysippe]
2323 579 2530 629 Stoicus

1469 654 1555 702 hic
1580 653 1922 718 Philosophus
1942 654 2206 703 Cleanthis
2230 654 2528 719 discipulus.

1467 730 1727 795 ——Aceroi]
1759 730 2044 793 syllogismi
2069 730 2316 778 acervalis
2346 732 2426 780 vel
2451 746 2532 781 so-

1470 806 1600 867 ritis,
1623 807 1709 869 qui
1735 821 1849 855 cum
1872 813 2004 855 esset
2027 806 2290 869 captiosus
2314 806 2528 858 infinitis

1470 882 1852 947 quaestionibus,
1906 883 2229 944 excogitarat
2287 883 2529 947 Chrysip·

1469 974 1565 1023 pus
1603 957 1873 1020 rationem,
1910 959 2162 1023 quomodo
2199 959 2275 1006 illi
2320 953 2530 1023 respon*-

1470 1037 1692 1086 dendum
1730 1044 1882 1086 esset.
1948 1038 2171 1086 Dixerat
2209 1038 2343 1084 enim
2381 1052 2530 1100 opor-

1470 1121 1583 1162 tere
1604 1112 1901 1176 ἧσυχιάζειν,
1926 1113 2227 1176 quiescere:
2274 1112 2410 1176 quod
2444 1112 2528 1162 hic

1469 1191 1681 1239 Persius
1720 1195 1873 1239 vocat
1913 1191 2095 1250 sistere,
2137 1190 2431 1252 priusquam
2475 1189 2528 1238 in

1466 1267 1767 1316 immensum
1789 1271 2005 1314 crescat.
2042 1265 2530 1326 Lubin.—Inuentus‚

1467 1344 1574 1407 qt]
1611 1344 1928 1407 Chrysippus
1956 1341 2283 1405 philosophus
2307 1341 2528 1392 Stoicus.

1470 1422 1828 1486 syllogismum
1870 1418 2069 1484 σωρίτην
2110 1417 2330 1482 vocavit,
2372 1433 2527 1484 quem

1469 1512 1567 1561 per
1586 1496 1927 1561 adjectionem
1960 1504 2014 1546 et
2045 1495 2422 1546 detractionem
2459 1510 2527 1545 ex

1468 1573 1641 1623 acervi
1661 1571 1985 1622 frumentarii
2006 1570 2337 1622 similitudine
2359 1579 2528 1621 osten-

1471 1646 1567 1700 dit.
1619 1649 1722 1699 Vct.
1746 1647 1859 1697 8012.
