2992 4859
461 258 590 326 198

458 417 645 469 cundia
713 413 907 481 ingenii
959 427 1140 465 nervos
1193 425 1517 463 exercemus.

453 492 711 560 Loquitur
725 498 900 542 antem
917 491 968 541 iu
986 490 1152 554 prima
1171 502 1391 554 persona
1408 495 1521 538 tan-

445 586 610 636 quam
634 569 792 619 etiam
813 567 879 618 de
910 580 966 615 se
997 566 1309 630 loqueretur,
1341 569 1402 613 ut
1433 561 1522 611 alii

455 648 628 697 minus
667 658 805 708 aegre
841 643 895 693 id
937 640 1152 702 ferrent,
1205 648 1262 690 et
1309 638 1521 689 liberius

453 719 636 771 vexari
691 715 1217 783 posnan—Indum]
1302 715 1518 764 Musaeis

445 797 650 847 .nostris
672 796 900 859 integros
924 794 1038 844 dies
1059 793 1241 854 abditi,
1261 793 1313 840 in
1332 792 1439 841 otio
1462 796 1519 841 et

453 887 682 931 secessu,
722 871 907 920 remoti
941 884 974 918 a
1007 867 1228 932 strepitu
1266 867 1518 931 populari.

451 949 593 998 Nam
633 954 690 994 ut
730 945 891 996 Ovid.
953 945 1222 993 ‘Carmina
1260 958 1518 993 secessum

443 1022 729 1073 ,scribentis
746 1026 802 1070 et
819 1021 928 1069 otia
943 1019 1520 1084 quaerunt.’—-Numeros

445 1096 558 1160 ille]
621 1095 793 1145 Poeta
815 1108 993 1144 versus
1015 1094 1217 1157 scribit,
1249 1092 1518 1158 quicertis

449 1173 680 1223 -numeris
719 1179 774 1222 et
808 1171 1054 1221 mensuris
1076 1166 1518 1230 constante-Hie,

455 1250 561 1314 ξω]
619 1249 682 1299 Id
726 1255 824 1311 est,
867 1248 1062 1297 Orator
1100 1247 1184 1296 hic
1223 1247 1306 1296 vel
1330 1246 1521 1295 Decla-

449 1333 624 1375 mator
661 1325 916 1375 orationes
959 1323 1158 1387 pangit,
1204 1338 1236 1372 a
1277 1334 1516 1370 versuum

457 1401 674 1466 pedibus
709 1401 843 1449 liber
884 1404 941 1449 et
976 1399 1131 1447 nullis
1164 1410 1401 1447 versuum
1432 1397 1516 1445 vel

449 1491 782 1528 numerorum
806 1475 1007 1540 legibus
1030 1476 1273 1537 inclusus,
1302 1474 1517 1524 adstric-

457 1560 558 1603 tus.
624 1551 939 1614 Perstriugit
959 1565 1083 1615 ergo
1105 1550 1403 1600 Causidicos
1427 1563 1517 1613 po-

457 1629 566 1691 puli
589 1629 889 1692 applausum
911 1632 1202 1691 captantes.
1237 1626 1387 1676 Idem.

525 1708 587 1753 14
623 1704 817 1752 Grande
836 1702 1037 1766 almania]
1099 1702 1163 1752 Id
1185 1708 1283 1766 est,
1306 1701 1517 1766 Aliquid

460 1780 729 1844 tumidum,
746 1780 1026 1844 turgidum,
1038 1777 1286 1829 inflatum.
1333 1779 1519 1828 Petro-

460 1859 574 1909 nius
610 1873 813 1924 quoque
849 1859 900 1907 in
933 1857 1174 1909 studiosis
1205 1857 1517 1923 eloquentiae

460 1934 793 2001 reprehendit
822 1936 1021 1984 ‘rerum
1062 1941 1286 1983 tumores
1318 1939 1375 1982 et
1405 1946 1518 1981 sen-

459 2012 737 2068 tentiarum
811 2009 1136 2059 vanissimum
1212 2005 1520 2072 strepitum:

460 2087 576 2138 Quo
599 2087 723 2135 nihil
740 2084 879 2134 aliud
900 2083 1222 2149 quaerebant,
1239 2098 1393 2149 quarn
1412 2082 1519 2133 vul-

462 2160 514 2224 gi
537 2162 858 2225 applausum,
897 2166 954 2209 et
985 2160 1189 2209 inanem
1218 2159 1521 2209 ostentatio-

458 2235 935 2297 nem.—Quo‹1,s·c.]
969 2235 1204 2285 Illustrat
1218 2235 1356 2285 illam
1369 2249 1518 2298 grau-

459 2310 846 2374 diloquentiarn.
914 2309 978 2357 Id
1016 2315 1117 2370 est,
1160 2311 1222 2359 In
1258 2324 1359 2374 quo
1390 2309 1518 2358 reci·

459 2388 617 2439 tando
636 2388 808 2451 pulmo
825 2386 1005 2436 auimae
1025 2389 1305 2451 praelargus
1322 2395 1379 2439 et
1396 2403 1517 2437 ven-

443 2472 514 2515 ·to
553 2463 837 2525 abundans,
879 2469 933 2512 et
966 2464 1150 2528 spiritu
1174 2465 1377 2528 plenus,
1412 2470 1516 2513 tur-

458 2538 608 2604 gidus
649 2543 705 2587 et
742 2537 1001 2587 distentus
1033 2540 1236 2589 anhelet
1257 2546 1313 2588 et
1332 2538 1517 2590 defati-

460 2621 630 2678 getur,
668 2628 730 2664 ac
762 2628 913 2678 poene
953 2615 1515 2679 mmmmm—Anime,

456 2690 566 2754 ξω]
620 2691 820 2742 Animae
860 2691 1144 2755 pra-,largus
1182 2691 1327 2749 dicit,
1358 2699 1517 2742 vento

443 2767 737 2816 =abundans.
779 2767 885 2817 Vet.
908 2768 1294 2832 δελ-ΑΜ]
1331 2768 1516 2817 Ventis

443 2843 541 2891 -νει
574 2843 759 2904 spiritu
799 2844 999 2905 plenus.
1057 2843 1230 2892 Lubin.
1292 2844 1519 2893 Animum

458 2932 553 2982 pro
577 2918 764 2981 spiritu
791 2918 981 2981 posuit,
1017 2919 1153 2983 quod
1180 2918 1422 2969 Hebraeis
1443 2916 1519 2968 sa-

456 2994 880 3043 miliarissimum:
926 2994 1329 3057 Orationemque
1354 2994 1516 3057 longis

459 3070 684 3135 periodis
702 3075 996 3118 contextam
1021 3069 1094 3117 ita
1114 3068 1378 3131 exprimit,
1399 3084 1515 3133 quse

459 3146 666 3195 recitari
699 3158 800 3194 non
832 3145 1001 3207 possit
1024 3144 1215 3206 absque
1240 3145 1517 3194 vexatione

438 3220 709 3285 ·pulrnonis
732 3225 786 3268 et
810 3220 1054 3268 anhelitu.
1113 3219 1516 3269 Cusuub.—-Proe-

439 3296 638 3360 {urg-as]
723 3295 785 3345 Id
832 3302 930 3358 est,
974 3296 1264 3355 Distentas,
1315 3297 1517 3359 plenus,

455 3372 734 3423 abundans.
751 3399 814 3409 -—
833 3371 1058 3435 Anhelet]
1114 3370 1431 3432 Anhelando‚
1458 3381 1516 3425 et

445 3458 565 3515 'prae
590 3447 965 3512 defatigatione
996 3449 1180 3497 crebro
1204 3450 1513 3512 exspirando

441 3522 703 3587 proferat.
778 3524 968 3573 Pulcre
1008 3524 1090 3572 hic
1131 3523 1378 3572 decorum
1422 3526 1513 3573 ob-

451 3606 626 3648 servat
663 3598 848 3657 Poeta,
885 3598 968 3662 qui
1002 3605 1060 3647 ut
1084 3599 1295 3648 aliorum
1316 3600 1512 3664 ampul-

449 3675 614 3723 losam
657 3675 936 3724 vanitatem
981 3676 1047 3724 ob
1096 3675 1274 3725 oeulos
1330 3682 1512 3739 ponat,

452 3749 568 3814 ipse
589 3749 754 3799 utitur
776 3750 980 3799 dicendi
1005 3765 1195 3815 genere
1220 3752 1425 3815 turgido
1455 3759 1512 3803 et

452 3823 650 3876 inflato.
703 3824 878 3873 Lubin.

436 3925 446 3933 ·
517 3908 578 3953 15
615 3902 823 3963 Scilicet,
836 3900 960 3969 &ml
999 3903 1352 3966 Reprehensio
1376 3903 1510 3955 Poe-

454 3985 638 4042 tarum,
675 3976 811 4043 quod
853 3990 1041 4040 magno
1081 3987 1354 4041 apparatu,
1400 3980 1511 4043 loti,

451 4054 615 4117 uncti,
649 4053 792 4118 pexi,
823 4051 993 4114 nitidi,
1015 4050 1156 4102 uotis
1180 4055 1409 4104 vestibus
1433 4056 1509 4104 in-

452 4127 586 4192 duti,
606 4142 807 4193 gemma
821 4129 1106 4195 annuloque
1125 4129 1310 4197 ornati,
1329 4130 1418 4181 illa
1434 4145 1511 4183 re·

1149 271 1366 321 Nous
1389 271 1695 321 -vAmon
1708 272 1813 321 UH
1862 270 1945 321 ΙΝ

1594 412 1777 463 citent.
1832 412 1975 463 Hinc
1996 410 2265 476 dependet
2285 410 2451 461 omnis
2469 409 2668 463 Po'e'tn

1594 489 1901 553 indignatio,
1941 489 2079 555 quod
2108 489 2336 539 carmina
2363 489 2431 537 ad
2450 488 2669 537 landen

1596 566 1773 629 populi
1795 567 2150 629 aucupandam
2175 562 2670 614 seriberent—Sci-

1593 638 1728 701 licet]
1794 641 1983 690 Ironia.
2037 642 2246 689 Terent.
2312 638 2413 688 ‘Id
2435 640 2670 703 populns

1594 722 1748 765 curat
1776 714 2227 776 scilicet.’-Haec]
2280 717 2406 764 Tam
2442 714 2674 777 grandia

1595 798 1651 841 et
1668 789 2160 856 turgida—Populo]
2192 791 2512 855 anphatice.
2558 791 2672 840 Ro-

1592 881 1743 916 mano
1758 867 1980 929 scilicet,
2002 866 2091 931 qui
2108 881 2207 915 nec
2222 866 2377 930 sapit,
2396 881 2495 917 nec
2513 873 2670 917 recte

1586 942 2123 1008 Judicat.-Pequue
2144 948 2357 1007 togaque,
2382 943 2490 1006 θα]
2549 944 2671 994 De·

1592 1020 1808 1085 scriptio
1830 1019 2100 1070 recitaturi
2125 1020 2307 1069 Poetae
2340 1035 2407 1068 ex
2444 1020 2667 1084 adjunc-

1592 1096 1678 1146 tis.
1743 1095 1915 1143 Vexat
1938 1101 2111 1144 autem
2146 1095 2272 1144 illud
2308 1095 2374 1144 ob
2410 1095 2483 1155 id,
2517 1096 2663 1160 qnod

1593 1171 1823 1236 corporis
1847 1171 2019 1235 potius
2042 1170 2239 1233 habitu,
2271 1186 2421 1235 quam
2455 1171 2663 1220 Carani-

1591 1247 1670 1296 nis
1708 1246 1968 1309 dignitate
2007 1261 2064 1297 se
2096 1248 2452 1297 commendare
2477 1249 2659 1300 vellet.

1589 1322 1791 1383 —Togu
1811 1321 2011 1385 recenti]
2063 1323 2215 1374 Nova
2246 1330 2393 1372 veste
2420 1324 2656 1375 indutus.

1590 1387 1783 1449 Lubias
1829 1400 2025 1464 Togam
2061 1401 2197 1450 enim
2239 1410 2501 1451 recentem
2534 1409 2593 1451 et
2627 1416 2661 1451 a

1592 1473 1787 1526 fullone
1825 1476 2133 1525 candentem
2176 1477 2395 1527 Romani
2432 1493 2661 1529 assume-

1590 1551 1719 1601 bant
1759 1549 1844 1600 die
1882 1551 2061 1615 quovis
2104 1549 2257 1613 festo,
2294 1553 2403 1602 sive
2446 1554 2662 1616 publica

1591 1625 1700 1675 sive
1725 1626 1931 1689 privata
1951 1626 2281 1679 solennitate.
2348 1628 2485 1678 Vide
2518 1630 2662 1679 Mar-

1593 1702 1703 1752 tial.
1727 1703 1825 1765 Ep.
1850 1707 1933 1751 58.
1956 1701 2048 1752 lib.
2070 1716 2133 1752 ιι.
2188 1704 2392 1753 Cmab.

1658 1781 1721 1828 16
1742 1778 1829 1840 Et,
1845 1776 1951 1841 ζα]
1998 1777 2326 1843 Ambiguitas
2348 1780 2399 1827 iu
2417 1781 2664 1843 malitia,

1590 1859 1763 1902 utrum
1803 1867 1916 1902 eam
1958 1854 2119 1902 natali
2153 1869 2245 1905 suo
2278 1870 2488 1906 munere
2512 1871 2664 1908 acce-

1591 1929 1745 1993 perit,
1765 1936 1825 1979 ut
1847 1936 2048 1979 tantum
2069 1946 2131 1979 eo
2153 1931 2239 1980 die
2262 1946 2441 1995 gerere
2461 1934 2658 1984 soleat:

1592 2005 1715 2070 quia
1735 2005 1941 2070 quidam
1965 2005 2156 2056 habeut
2185 2009 2385 2069 anulos,
2422 2024 2549 2074 quos
2571 2010 2663 2059 die

1593 2088 1793 2131 tantum
1834 2083 1995 2132 natali
2033 2090 2246 2147 gerunt3
2301 2083 2661 2149 et,ulbas,ant

1591 2157 1777 2207 festiva
1816 2165 1958 2208 veste
2003 2159 2228 2220 indutus,
2268 2167 2359 2209 aut
2395 2162 2659 2211 recitandi

1591 2249 1783 2299 pavore
1807 2249 1869 2284 ac
1888 2234 2168 2285 meditandi
2193 2242 2249 2285 et
2270 2235 2537 2286 scribendi
2562 2245 2659 2287 taz-

1590 2311 1679 2361 dio
1703 2309 2030 2375 perfunctus:
2083 2311 2187 2373 vel,
2231 2318 2375 2361 veste
2416 2312 2659 2376 candida,

1591 2390 1817 2440 nondum
1862 2405 2175 2456 purpureum
2224 2391 2447 2455 adeptus
2496 2392 2661 2441 vesti·

1590 2474 1840 2528 mentum,
1891 2466 2029 2531 quod
2076 2467 2393 2517 laticlaviam
2440 2467 2659 2517 dicitur.

1598 2543 1704 2593 Vct.
1730 2542 1980 2593 Sela—Et
2002 2545 2241 2606 natalitia,
2253 2544 2361 2608 ξω]
2413 2545 2654 2595 Tertium

1591 2620 1910 2684 adjunctum,
1944 2619 2080 2685 quod
2111 2620 2313 2669 annulis
2353 2627 2409 2670 et
2441 2620 2658 2684 geminis

1591 2711 1703 2746 sese
1726 2703 2054 2759 exornarent,
2071 2703 2127 2747 et
2149 2697 2418 2748 recitaturi
2441 2712 2662 2761 sugges·

1593 2779 1700 2820 tum
1740 2771 2013 2822 ambitiose
2050 2773 2215 2822 ornati
2259 2771 2665 2835 adscendere-nt,

1593 2853 1651 2896 ut
1690 2848 1765 2896 ita
1796 2848 1849 2895 in
1878 2862 1931 2895 se
1954 2848 2133 2911 populi
2155 2862 2248 2896 ora
2269 2854 2663 2914 converterent,

1592 2920 1767 2986 illique
1809 2923 2173 2986 placerent.—
2196 2922 2458 2986 Natalitiu]
2533 2924 2661 2985 Vel,

1592 2998 1730 3063 quod
1771 2999 1895 3048 alias
1939 2999 2023 3048 die
2064 2999 2223 3049 natali
2266 2999 2406 3049 illam
2449 3007 2659 3049 tantum

1594 3084 1786 3139 gestet,
1831 3075 1930 3139 vel,
1969 3076 2104 3139 quod
2145 3075 2230 3124 die
2267 3076 2424 3124 natali
2454 3076 2556 3125 sibi
2588 3076 2660 3127 ab

1597 3152 1761 3201 amico
1800 3151 1992 3201 donata
2025 3152 2500 3216 siu—Smmycbe]
2551 3152 2662 3202 Pro

1594 3230 1803 3291 annulo,
1819 3229 1901 3278 cui
1917 3227 2197 3279 includitur
2213 3228 2508 3292 Sardonyx.
2558 3230 2661 3280 Est

1592 3306 1795 3369 gemma
1836 3305 2071 3356 candida.
2159 3305 2471 3368 Hujusmodi
2516 3320 2663 3369 gem-

1589 3395 1723 3430 mam
1750 3381 2059 3444 Polycrates
2094 3382 2352 3429 fortunam
2385 3383 2659 3431 adversam

1588 3465 1896 3521 experturus
1938 3458 1990 3506 iu
2036 3471 2173 3506 mare
2216 3457 2656 3520 projenie—Ten-

1586 3532 1716 3596 dem]
1776 3534 1835 3582 ld
1869 3540 1964 3594 est,
1996 3533 2217 3598 denique
2249 3535 2330 3583 vel
2372 3542 2659 3597 posu-emo.

1584 3609 1824 3674 —AlbusJ
1893 3608 2208 3673 Abjunctum
2250 3619 2507 3674 quartum.
2584 3609 2655 3659 ld

1586 3691 1688 3747 est,
1723 3685 1929 3734 Festiva
1949 3691 2096 3735 veste
2118 3692 2175 3734 et
2197 3684 2419 3734 candida
2441 3686 2654 3735 indutus

1586 3762 1911 3825 conspicuus,
1935 3762 2071 3825 quali
2095 3762 2220 3811 alias
2243 3763 2325 3811 die
2367 3763 2526 3811 natali
2560 3769 2655 3813 ant

1565 3834 1722 3886 -festo
1746 3837 1985 3887 incedere
2008 3836 2262 3886 solebant.
2304 3836 2478 3887 nabin.
2529 3837 2654 3899 Vel,

1583 3913 1731 3975 albus,
1768 3913 1818 3961 id
1860 3921 1961 3977 est,
2001 3913 2222 3976 pallidus
2260 3920 2316 3962 et
2350 3913 2419 3962 de
2456 3921 2651 3964 eventu

1585 3991 1904 4041 recitationis
1926 3992 2123 4041 auxius.
2170 3992 2484 4042 Cssuboaas.

1650 4071 1713 4117 17
1737 4067 1876 4130 Sede,
1890 4066 1995 4131 ξω]
2048 4066 2296 4118 Quintum
2329 4067 2631 4130 adjunctum

1589 4143 1754 4207 Leget
1777 4142 1875 4191 hoc
1896 4141 2148 4192 tumidum
2171 4148 2227 4192 et
2249 4142 2509 4207 vegrande
2536 4157 2655 4193 car·
