2992 4859
423 333 600 406 1228
1105 348 1493 400 ascensus
1540 349 1973 402 unx‘rmmm

424 495 566 560 Ant.
599 491 975 563 Mancinelli,
1014 492 1147 554 lod.
1192 493 1364 553 Badii
1408 494 1678 556 Asoensii
1716 492 2187 564 Commentariis,
2227 493 2413 556 Hadr.
2448 493 2632 560 Junii

425 587 699 660 scholiis,
726 586 953 647 Lubini
995 599 1056 650 et
1104 590 1399 650 Autumni
1438 591 2064 662 Commentationibus,
2106 600 2166 651 et
2209 590 2467 669 denique
2507 593 2633 653 Th.

418 683 722 764 &Famabii
747 681 1035 745 annotatt.
1067 705 1128 764 p.
1160 694 1503 759 753—895.
1592 704 1690 747 xx.
1724 686 1967 766 Sylloge
1995 686 2289 748 Natarum
2317 687 2632 748 Van-iarum

430 780 507 840 Is.
550 781 760 849 Vossii,
801 783 942 841 Oct.
1002 783 1263 852 Ferrarii,
1314 783 1405 842 cl.
1452 783 1740 856 Salmasii,
1781 785 1880 844 Jo.
1922 786 2036 844 Ge.
2080 785 2324 855 Graevii,
2368 804 2474 845 nec
2511 799 2635 845 non

431 876 606 955 casp.
633 877 876 944 Bartbii,
904 878 1062 960 Sam.
1092 879 1393 950 Bocharti,
1436 881 1639 959 steph.
1670 881 1937 954 Claverii,
1985 882 2135 942 Lud.
2165 882 2636 953 Dorieans,'Jos.

432 975 575 1032 Ant.
622 973 893 1034 Gonsalii
949 974 1025 1034 de
1068 976 1254 1044 Salas,
1291 976 1388 1036 Jo.
1441 977 1618 1037 Fred.
1661 980 1970 1051 Gronovii,
2021 979 2162 1040 Nic.
2212 979 2458 1051 Heinsii,
2497 981 2637 1040 Jaca

434 1069 680 1138 Ouzelii,
708 1070 857 1129 Phil.
888 1071 1159 1143 Rubenii,
1186 1072 1320 1133 Jan.
1352 1075 1663 1152 Rutgersii‚
1704 1078 1830 1136 Jos.
1873 1076 2169 1154 Scaligeri,
2213 1076 2395 1154 Casp.
2426 1075 2639 1153 Sciop-

431 1165 530 1244 pii,
559 1166 665 1225 ΕΖ.
694 1167 1047 1244 spanhemii,
1082 1170 1175 1228 Jo.
1207 1170 1392 1230 Gerb.
1424 1173 1638 1243 Vossii,
1665 1173 2027 1251 aliorumque
2069 1172 2638 1252 quamplurimorum

434 1280 496 1340 p.
530 1259 868 1335 s96-940',
925 1281 995 1322 x.
1027 1264 1240 1327 ΊῚιεοά.
1260 1265 1571 1327 Jamsonii
1597 1268 2052 1329 ab·A1mel0vem
2083 1268 2638 1341 animadversiones,

432 1363 604 1436 (quas
633 1370 833 1421 tenues
861 1381 984 1421 esse
1006 1371 1069 1423 et
1091 1363 1272 1424 ferme
1300 1365 1726 1444 extemporales
1765 1375 1867 1426 ant
1906 1368 2015 1425 sub
2046 1384 2220 1424 manu
2249 1365 2420 1444 quasi
2447 1375 2639 1437 natas,

434 1464 648 1526 atucjor
674 1456 800 1534 ipse
842 1477 962 1517 non
1006 1459 1197 1518 minus
1241 1479 1394 1531 vere,
1440 1480 1619 1538 quam
1661 1461 1914 1522 candide
1956 1461 2316 1540 profitetur,)
2342 1481 2405 1541 p.
2434 1470 2641 1533 941-

435 1557 579 1622 945.
622 1609 627 1612 ,
662 1569 765 1615 x1.
799 1555 993 1615 Hem.
1025 1557 1249 1617 Christ.
1294 1559 1588 1620 Henninii
1629 1557 1974 1639 spicilegia,
2004 1558 2245 1638 (quibus
2271 1557 2642 1635 potissimum

422 1665 529 1708 ‘res
556 1647 863 1710 historicas
893 1653 982 1712 vel
1010 1673 1198 1713 mores
1226 1654 1382 1714 iliius
1410 1655 1545 1727 aevi,
1588 1665 1668 1715 et¹
1687 1661 2110 1734 nonnunquam
2142 1653 2513 1715 reconditum
2540 1655 2647 1714 Ju-

439 1745 651 1804 venalis
678 1766 907 1808 sensum
934 1749 1220 1810 illustrare
1248 1759 1495 1811 conatus
1523 1753 1659 1825 est,)
1686 1770 1747 1830 p.
1777 1751 2121 1823 946—968.
2225 1766 2360 1811 ΧΗ.
2391 1748 2651 1829 Pephm

440 1839 740 1902 Natarum
765 1845 848 1905 ad
867 1843 1100 1906 Scholia
1124 1845 1405 1919 Veterum,
1425 1856 1765 1908 contextum
1789 1867 1859 1907 ex
1876 1847 2052 1906 Notis
2084 1847 2291 1920 partim
2313 1847 2647 1918 variorum,

442 1935 585 1998 Oct.
627 1940 890 2012 Ferrarii,
939 1944 1035 2004 Jo.
1066 1945 1180 2004 Ge.
1227 1943 1471 2014 Graevii,
1515 1944 1695 2015 Casp.
1725 1941 1966 2008 Barthii,
2010 1937 2170 1996 Sam.
2216 1937 2460 2009 Barthii,
2490 1939 2645 2004 Lud.

442 2032 748 2108 Dorleans,
775 2037 895 2098 Th.
927 2039 1259 2109 Munckeri,
1280 2040 1425 2097 Phil.
1458 2033 1734 2105 Rubenii,
1755 2035 1896 2094 Ger.
1915 2033 2236 2106 Jo.Vossii,
2257 2033 2647 2114 aliorumque,

439 2131 653 2208 purtim
680 2132 918 2211 integris
948 2134 1008 2189 P.
1044 2129 1249 2189 Pithoei
1290 2129 1482 2197 Notis,
1514 2121 1650 2190 Iani
1691 2129 1986 2207 Rutgersii
2027 2130 2381 2202 Emendatt„
2410 2131 2647 2196 Theod.

439 2227 629 2289 Janss.
649 2229 725 2285 ab
755 2225 1126 2286 Ahueloveen
1144 2225 1598 2299 Animadversis,
1619 2234 1679 2286 et
1703 2226 1982 2286 Henninii
2005 2225 2334 2306 Spicilegiis
2361 2246 2423 2310 p.
2444 2227 2650 2299 968-

429 2313 623 2399 ,980.”
663 2337 827 2383 xul.
873 2320 1062 2384 Index
1107 2321 1571 2382 absolutissimus
1617 2324 1876 2383 omnium
1919 2312 2364 2395 vocabulorum,
2410 2344 2546 2403 quae
2588 2325 2650 2385 in

442 2417 478 2478 J
485 2414 741 2478 uvenalis
768 2418 992 2496 Satyris
1018 2409 1401 2497 reperiuntur.
1429 2423 1511 2496 (et
1538 2419 1780 2498 quidem
1808 2419 2161 2498 bugianus,
2187 2419 2262 2478 de
2290 2440 2412 2498 qno
2436 2440 2489 2480 v.
2519 2441 2651 2501 sup.

445 2513 522 2576 ad
552 2533 608 2574 a.
642 2510 1077 2588 1608.)-Haee
1103 2524 1193 2575 est
1219 2534 1447 2575 summa
1474 2515 1628 2575 vasti
1651 2515 1828 2594 hujus
1855 2516 2047 2595 operis
2090 2524 2151 2577 et
2177 2515 2653 2579 celebratissimae

445 2609 743 2672 editionis.
828 2610 1017 2687 Cujus
1046 2612 1092 2670 si
1121 2620 1417 2672 externam
1459 2612 1717 2692 speeiem
1759 2611 2112 2685 consideres,
2149 2612 2497 2673 nitidissima
2536 2622 2652 2678 est»

450 2709 501 2768 si
526 2708 810 2769 internam
838 2706 1115 2779 indolem,
1138 2709 1318 2769 ethic
1336 2729 1680 2788 cognosces,
1704 2729 1821 2769 non
1842 2728 2016 2770 omne
2045 2708 2209 2787 quod
2239 2710 2420 2769 niteat
2445 2728 2655 2771 aurum

449 2825 603 2865 esse.
685 2805 834 2865 Vere
853 2823 980 2864 eam
1009 2803 1220 2865 dixeris
1248 2804 1595 2885 indigestam
1623 2825 1794 2867 vanae
1808 2806 2209 2884 speciosaeque
2237 2804 2657 2866 doctrinoefar-

447 2901 706 2979 raginem
734 2899 1059 2977 rudemque
1086 2919 1278 2960 rerum
1317 2899 1608 2962 inutilium
1636 2902 1874 2974 molem,
1902 2901 1977 2962 de
2003 2920 2119 2981 qua
2149 2901 2290 2960 nihil
2314 2901 2510 2980 aptius
2536 2900 2660 2966 dici

456 3005 673 3077 potest,
703 3015 880 3074 qnam
915 3015 1051 3074 quae
1075 2998 1351 3075 leguntur
1376 2999 1436 3058 in
1461 3018 1478 3058 z
1522 2998 1937 3077 Bibliotheque
1962 2998 2241 3057 ancienne
2267 3006 2330 3057 et
2354 2997 2656 3072 moder-ne,

420 3143 423 3148 .
454 3113 607 3173 pour
631 3111 827 3152 server
860 3091 934 3152 de
971 3091 1121 3152 suite
1162 3113 1277 3153 aux
1317 3094 1755 3173 Bibliotbeqnes
1798 3094 2156 3155 Universelle
2179 3104 2243 3155 et
2266 3093 2519 3166 Choisie,
2549 3113 2662 3173 par

454 3190 602 3254 Jean
629 3191 684 3248 le
712 3189 904 3256 clerc,
931 3187 968 3247 ὲ
993 3189 1187 3249 Amst.
1221 3197 1397 3258 1718.
1430 3198 1524 3252 12.
1546 3189 1629 3249 T.
1651 3206 1753 3250 112
1776 3208 1840 3267 p.
1875 3198 2012 3250 113.
2056 3197 2074 3223 ‘
2102 3191 2232 3249 Fen
2255 3189 2372 3248 Mr.
2397 3189 2658 3264 Hennin,

457 3286 562 3364 qui
587 3305 625 3344 a
648 3284 753 3346 fait
780 3305 857 3345 un
885 3287 1103 3368 abrege
1126 3288 1201 3347 de
1231 3305 1319 3358 ce,
1350 3306 1468 3364 que
1511 3286 1596 3346 les
1615 3288 1990 3365 ·1nterpretes
2015 3294 2121 3344 ont
2145 3285 2255 3356 dit,
2285 3288 2377 3344 u’a
2404 3285 2514 3345 fait
2542 3305 2662 3364 qne

458 3398 748 3442 ramasser
776 3403 855 3443 un
887 3384 1065 3444 fatras
1106 3384 1182 3443 de
1223 3382 1582 3460 bagatelles,·
1605 3380 1758 3442 dont
1794 3381 1835 3441 il
1875 3387 1965 3440 est
2003 3381 2190 3439 meme
2230 3378 2468 3440 difficile
2495 3379 2573 3440 de
2599 3376 2662 3443 se
2741 3437 2758 3452 κ

460 3476 656 3550 servir,
686 3496 863 3558 parce
893 3480 1028 3560 qu'il
1053 3481 1137 3540 les
1165 3498 1203 3539 a
1227 3478 1401 3539 mises
1425 3479 1462 3539 ὲ
1485 3487 1639 3557 part,
1667 3479 1704 3539 ὲ
1730 3478 1786 3538 la
1809 3476 1891 3537 fin
1918 3477 1999 3537 du
2028 3476 2232 3547 Poete,
2260 3495 2397 3536 sous
2423 3475 2479 3536 le
2497 3485 2664 3539 texte

461 3575 685 3654 duquel
711 3576 753 3636 il
780 3580 915 3636 s'est
952 3578 1229 3642 contente
1270 3576 1346 3635 de
1386 3585 1596 3636 mettre
1632 3574 1876 3636 l’ancien
1915 3572 2245 3634 Scholiaste
2287 3582 2348 3633 et
2387 3572 2443 3631 le
2483 3574 2667 3633 Com·

463 3672 746 3733 mentaire
771 3672 848 3734 de
874 3675 993 3733 Mr.
1022 3676 1167 3734 Jean
1193 3674 1301 3734 des
1329 3674 1621 3751 (θη-ωερε.-
1701 3672 1757 3731 11
1797 3674 1894 3750 n'y
1930 3689 1967 3729 a
2007 3687 2116 3747 pas
2145 3687 2311 3728 assez
2353 3668 2430 3727 de
2471 3677 2662 3743 notes,
2771 3683 2776 3686 ’

463 3786 616 3846 pour
641 3770 923 3830 entendre
947 3771 1003 3830 le
1029 3771 1235 3842 Potite,
1277 3779 1337 3829 et
1370 3770 1409 3828 il
1449 3791 1488 3850 y
1530 3788 1602 3829 en
1644 3788 1681 3829 a
1721 3769 2034 3845 beaucoup
2063 3780 2220 3844 trop,
2251 3785 2402 3844 pour
2425 3765 2666 3825 les-lire.

467 3865 685 3936 Quand
714 3885 792 3926 on
821 3875 1028 3927 trouve
1058 3887 1136 3928 un
1164 3886 1410 3947 passage
1437 3866 1673 3937 obscur,
1701 3875 1763 3927 et
1789 3865 1967 3945 qu'on
1996 3881 2058 3923 se
2086 3860 2282 3922 donne
2307 3863 2367 3922 la
2392 3860 2564 3940 peine
2589 3860 2668 3921 de

467 3962 750 4023 chercher
773 3983 842 4024 ce
870 3968 1041 4042 qu'en
1069 3973 1177 4024 ont
1218 3964 1306 4023 dit
1350 3970 1477 4023 taut
1516 3962 1948 4039 d’lnterpretes,
1978 3977 2055 4017 on
2081 3957 2198 4018 ale
2223 3956 2466 4037 chagrin
2490 3956 2565 4016 de
2591 3975 2668 4018 ne

470 4068 707 4121 trouver
743 4059 888 4131 rien,
940 4061 1044 4140 qui
1090 4059 1406 4130 satisfasse,
1459 4078 1537 4119 on
1592 4059 1696 4136 qni
1750 4056 1862 4117 soit
1901 4055 2140 4140 appuye
2175 4072 2286 4133 par
2325 4053 2403 4113 de
2442 4052 2666 4114 bonnes

473 4158 754 4239 preuves?
854 4155 1031 4222 eous.
1064 4155 1429 4237 Lengniokii
1456 4154 1745 4237 Beitr‘a‘gae
1778 4172 1885 4214 sur
1914 4149 2247 4226 &aarum
2270 4147 2517 4212 utimr
2538 4146 2670 4220 fflt-
2705 4159 2710 4166 ’
