2992 4859
417 246 512 314 ὦ

1185 262 1257 310 A.
1277 291 1288 302 .
1303 261 1553 312 mensu
1604 259 1867 312 Pnacci

427 407 571 473 Sub
596 410 811 474 rastro
840 409 1064 491 crepet
1089 407 1335 489 argenti
1363 406 1527 471 mihi
1552 408 1750 485 seria,
1790 406 2027 473 dextro

399 547 404 554 ·
431 508 765 575 Hercule!
811 509 1226 594 pupillumve
1255 509 1526 588 utinam,
1558 529 1751 596 quem
1778 512 2125 594 proximus
2152 511 2367 576 haeres

429 611 739 697 Impello,
767 629 1184 696 expungam:
1227 630 1510 695 namque
1536 616 1638 677 est
1666 613 2045 691 scabiosuS,
2073 619 2139 678 et
2166 616 2305 678 acri

421 793 588 859 putrui
619 794 738 845 mei.
731 794 750 831 t
813 795 969 859 Atque

425 859 924 922 membligoae!

1349 1068 1523 1088 000000

1000 794 1205 853 utiam,
1247 794 1396 844 mico
1435 795 1662 858 Hercule,
1700 811 1784 845 vas
1797 794 1961 873 fictile
1992 797 2190 857 argento
2222 791 2475 844 refertum
2507 792 2628 842 atili

991 859 1038 907 Ο
1056 859 1101 907 si
1130 830 1205 908 τά
1221 860 1404 909 delean
1431 861 1680 924 pupillam,
1701 876 1837 923 quem
1866 860 2081 923 insequor
2108 859 2260 908 heres
2290 871 2389 920 ego
2421 858 2629 907 maxime

421 922 738 988 propinquus!
802 925 1055 975 Enimvero
1086 923 1269 974 loborat
1301 924 1663 989 inflammet
1694 924 1951 975 venenati
1982 923 2383 974 oneratus-exit.

2449 922 2632 972 Nerius

1526 1067 1705 1088 mOOO

427 1165 620 1230 rgenti
649 1167 775 1219 sei-ia
811 1133 917 1221 m·
955 1168 1208 1221 (iah—1³
1240 1185 1351 1220 aaut
1384 1171 1444 1221 C.
1473 1184 1719 1235 expungas
1752 1169 1857 1220 Ms.
1891 1170 2088 1219 R.-1⁴
2119 1166 2340 1217 conditur
2375 1163 2480 1214 Ma.
2505 1163 2630 1214 Gal.

1426 1282 1638 1334 NOTA-3

496 1382 556 1427 u
592 1378 689 1429 Sub
739 1378 917 1443 rastro]
973 1381 1055 1432 Ne
1105 1380 1316 1442 mirere,
1347 1381 1487 1445 quod

428 1453 541 1506 viro
558 1454 711 1505 diviti
729 1470 792 1506 ac
814 1455 974 1508 nobili
997 1463 1217 1507 rastrum
1234 1457 1488 1506 attribuat

428 1528 663 1592 Persius,
681 1546 799 1581 cum
820 1532 977 1582 etiam
1008 1533 1071 1583 ab
1105 1541 1279 1583 aratro
1311 1532 1489 1582 Dicta·

427 1610 594 1655 torem
634 1615 907 1658 evocatum
952 1608 1247 1670 viderimus,
1297 1609 1407 1659 Sat.
1449 1623 1488 1658 ι.

428 1680 633 1732 scilicet
686 1683 1001 1747 agricultura
1040 1699 1226 1750 magno
1275 1690 1391 1734 erat
1435 1685 1487 1735 in

427 1755 619 1808 bonore
652 1759 792 1824 apud
828 1761 1114 1812 Romanos:
1165 1775 1264 1811 nec
1297 1761 1490 1811 bomini

428 1831 621 1895 probro
672 1841 804 1899 erat,
849 1850 996 1887 suum
1052 1850 1148 1902 per
1194 1851 1251 1886 se
1308 1851 1487 1902 agrum

430 1908 617 1961 colere.

499 1984 695 2050 crepet]
727 1986 793 2036 Id
815 1994 916 2051 est,
920 1987 1210 2053 jucundum
1227 1988 1351 2039 mihi
1367 1989 1492 2041 edat

430 2061 654 2112 sonitum
678 2071 891 2128 reperta
921 2064 1165 2118 fodiendo
1201 2074 1259 2117 et
1301 2073 1490 2117 terram

429 2140 700 2191 vertendo.

495 2213 661 2277 Ser-ia]
721 2218 827 2266 Vas
870 2217 1156 2269 testaceum
1197 2179 1492 2285 oblongum,

432 2288 570 2353 quod
589 2293 907 2341 occultatum
934 2294 1003 2342 sit
1037 2308 1129 2344 seu
1147 2294 1372 2345 boatium
1395 2310 1489 2346 seu

429 2362 602 2416 furum
636 2374 812 2428 metu:
847 2375 983 2418 testa
1024 2384 1179 2435 porro
1217 2377 1371 2421 terra:
1415 2372 1486 2421 in·

430 2437 569 2491 fossa
588 2456 689 2492 uon
712 2445 984 2509 putrescit,
1017 2445 1137 2495 binc
1161 2446 1215 2496 in
1252 2448 1398 2498 seriis
1434 2455 1489 2499 et

431 2516 546 2567 ollis
584 2518 855 2569 thesauros
892 2519 1217 2572 infodiebant
1265 2531 1492 2575 veteres.

431 2594 563 2646 Inde
584 2602 668 2646 est
690 2596 866 2648 Plauti
888 2595 1176 2650 Aulularia.
1219 2600 1288 2650 Et
1302 2600 1492 2651 Horat.

433 2673 542 2723 Sat.
564 2687 628 2723 11.
663 2676 713 2724 Β.
747 2675 762 2703 ‘
786 2674 835 2725 Ο
872 2675 917 2725 si
947 2691 1134 2742 urnarn„
1153 2676 1355 2741 argenti
1384 2676 1491 2728 fors

434 2763 536 2817 qua
557 2752 680 2802 mihi
702 2755 995 2806 monstret!

496 2829 686 2879 Demo
712 2830 938 2894 Hes-cale]
989 2832 1245 2897 Propitio,
1263 2832 1490 2885 favente.

435 2901 625 2954 Horat.
657 2905 772 2955 loco
811 2922 931 2956 mox
961 2908 1223 2958 cit-amico
1263 2911 1487 2961 Hercule.

429 2978 540 3030 Hic
570 2980 708 3030 enim
741 2981 1064 3031 recludendis
1086 2984 1342 3034 thesauris
1363 3000 1492 3050 prae·

432 3054 601 3106 sidere
639 3056 980 3119 credebatur;
1025 3059 1164 3109 sicut
1198 3059 1490 3111 Mercurius

431 3137 618 3194 aperto
641 3133 785 3183 lucro
805 3142 858 3181 et
882 3135 1248 3197 negotiationi:
1272 3142 1491 3201 uterque

434 3221 589 3272 porro
608 3209 878 3271 repentino
893 3209 1291 3275 etiuexpectato
1313 3211 1489 3274 lucro;

430 3281 573 3335 nude
593 3291 648 3334 et
670 3284 845 3334 Lucril
871 3285 961 3334 Dii
981 3287 1334 3350 appellamur.
1394 3289 1493 3340 Ar·

431 3359 555 3412 nob.
597 3361 686 3411 lib.
709 3374 787 3411 tv.
828 3359 1004 3412 Plaut.
1041 3362 1270 3414 Mostell.
1293 3365 1310 3393 ‘
1331 3363 1383 3415 Is
1404 3367 1491 3416 vel

432 3436 650 3489 Herculi
671 3444 941 3490 conterere
974 3447 1225 3505 questum
1261 3443 1490 3506 possiet!

434 3512 506 3563 Et
538 3514 750 3564 Diodor.
766 3515 924 3566 Sicul.
945 3530 999 3567 v.
1022 3522 1073 3567 2.
1108 3517 1274 3568 refert
1295 3519 1493 3570 Hercu-

434 3589 535 3639 lem
575 3590 641 3639 ad
659 3590 904 3642 honorem
926 3593 1024 3643 sibi
1056 3608 1088 3643 a
1115 3593 1369 3644 Palatinis
1401 3595 1493 3647 im-

435 3679 673 3730 pensum,
705 3667 925 3729 dixisse:
963 3684 1053 3720 eos
1092 3669 1175 3735 qui
1213 3671 1311 3721 sibi
1355 3678 1494 3737 post-

437 3755 591 3807 quam
630 3742 694 3790 ad
719 3744 858 3792 Deos
881 3746 1157 3795 translatus
1177 3755 1334 3808 esset,
1355 3747 1494 3796 deci·

434 3832 570 3869 mam
608 3817 855 3868 bonorum
893 3819 1150 3883 dicarent,
1187 3821 1344 3872 vitam
1382 3823 1495 3873 feli·

435 3910 552 3948 cem
582 3894 837 3945 victuros:
874 3896 1011 3958 quod
1045 3905 1102 3947 et
1137 3899 1372 3948 evenisse
1406 3914 1494 3949 ex-

433 3972 691 4036 perientia
734 3970 1001 4020 docuerit:
1049 3976 1106 4021 et
1141 3970 1438 4024 factitatum
1465 3991 1498 4024 a

434 4047 651 4101 Lucullo
667 4049 1004 4101 &morum
1019 4047 1272 4099 ditissimo
1279 4050 1494 4117 aliisque

436 4119 611 4175 fuerit.

1635 1385 1699 1430 12
1734 1379 1998 1444 Papinum]
2047 1378 2190 1427 Puer
2213 1380 2296 1426 est
2314 1374 2409 1425 sub
2437 1371 2625 1424 tutoris

1569 1462 1830 1520 potestate
1851 1453 2185 1514 constitutus,
2205 1452 2373 1502 donec
2390 1464 2486 1515 por
2506 1457 2630 1500 aeta·

1570 1539 1677 1582 tem
1700 1533 1779 1581 sni
1814 1529 1951 1595 juris
1966 1529 2078 1591 fiat,
2102 1536 2157 1579 et
2183 1541 2389 1578 suorum
2408 1528 2518 1590 ipse
2540 1524 2630 1576 bo-

1570 1622 1749 1658 norum
1772 1606 2270 1657 administrationem
2293 1607 2554 1666 capessat.

1636 1685 1787 1741 Quem
1798 1684 2047 1748 proximas
2063 1682 2215 1732 lueres
2231 1679 2435 1743 impello]
2460 1679 2628 1731 Quem

1570 1760 1854 1825 subsequor
1885 1760 2122 1825 proxime
2164 1758 2217 1807 in
2257 1756 2440 1806 ordine
2464 1757 2630 1805 liere-

1570 1836 1690 1886 dum
1713 1836 2051 1886 secundorum
2076 1853 2091 1885 :
2122 1836 2205 1884 vel
2224 1834 2306 1884 cui
2330 1848 2443 1883 sum
2465 1832 2632 1897 pnpil-

1572 1911 1748 1961 lariter
1771 1911 2103 1961 substitutus.
2433 1945 2441 1950 ·

1636 1991 1698 2038 18
1737 1987 1950 2052 lupello]
2018 1986 2255 2050 metaph.
2311 1983 2380 2033 ab
2424 1981 2488 2033 iis
2539 1981 2630 2046 qui

1569 2078 1685 2114 sese
1709 2064 1763 2114 ln
1802 2063 1952 2114 turba
1985 2061 2349 2128 comprimunt,
2378 2064 2436 2111 nt
2474 2059 2629 2110 citius

1571 2140 1987 2205 progrediantur.

1636 2215 1947 2279 Expaagam]
1986 2214 2221 2278 Metapli.
2240 2213 2325 2263 vel
2346 2226 2379 2262 a
2396 2212 2528 2264 Jure
2545 2210 2631 2263 ei-

1571 2290 1677 2353 vili,
1701 2292 1755 2341 in
1788 2306 1890 2356 quo
1924 2291 1970 2341 is
2001 2291 2314 2356 dispungere
2335 2289 2528 2339 dicitur
2544 2287 2632 2354 qul

1568 2372 1737 2415 mutat
1754 2366 2016 2431 quidpiam
2036 2366 2091 2415 in
2124 2365 2317 2415 tabulis
2354 2369 2635 2415 testamen·

1570 2442 1707 2504 ti,et
1728 2455 2045 2507 expungere,
2067 2443 2154 2508 qui
2190 2441 2356 2491 delet:
2392 2442 2475 2491 vel
2508 2455 2540 2490 a
2574 2454 2632 2491 re

1575 2517 1798 2568 militari.
1879 2519 2078 2569 Milites
2119 2519 2257 2569 enim
2300 2519 2529 2584 expungi
2556 2517 2635 2567 di·

1572 2602 1793 2656 cuntur;
1827 2610 2062 2660 quorum,
2099 2596 2225 2646 data
2256 2596 2512 2659 missione,
2541 2609 2632 2646 no·

1573 2685 1690 2721 men
1731 2687 1798 2722 ex
1824 2673 1942 2723 albo
1988 2673 2214 2737 deletur,
2245 2672 2383 2737 quod
2424 2673 2632 2736 punctis

1572 2747 1876 2814 inscriptum
1920 2749 2109 2801 suerat.
2214 2750 2276 2799 In
2326 2749 2462 2801 bello
2508 2764 2634 2801 vero

1569 2825 1654 2892 (ut
1673 2827 1748 2876 ait
1768 2835 1918 2877 vetus
1935 2827 2203 2890 Interpres
2225 2825 2337 2891 bic)
2367 2829 2385 2856 ‘
2406 2827 2633 2878 cadente

1567 2902 1656 2966 qui
1679 2903 1872 2965 primns
1893 2909 1992 2962 est,
2026 2904 2445 2953 succenturiatur
2466 2903 2634 2955 allus:

1570 2977 1760 3026 Sensus
1782 2991 1936 3040 porro
1956 2985 2071 3029 est:
2105 2979 2299 3028 utinam
2332 2980 2476 3030 illum
2491 2995 2629 3030 mors

1574 3051 1758 3115 rapiat,
1800 3054 1949 3118 cnjus
1978 3055 2255 3105 haereditas
2292 3056 2414 3106 milii
2434 3057 2632 3107 contin·

1573 3135 1691 3192 get:
1735 3130 1833 3193 vel,
1855 3130 2090 3182 deleatur
2128 3147 2158 3181 e
2197 3139 2513 3184 testamento
2541 3147 2633 3183 no·

1572 3219 1689 3254 men
1706 3207 1816 3270 ejus
1831 3207 1914 3257 cni
1931 3208 2187 3258 secundus
2202 3209 2370 3258 hares
2388 3210 2632 3261 succedo.

1638 3284 1851 3348 Namque
1883 3291 1954 3335 est
1977 3285 2231 3348 nubimus]
2283 3285 2465 3351 Impiis
2501 3286 2633 3338 votis

1572 3362 1958 3411 excusationem
1978 3362 2258 3425 praetendit
2291 3378 2513 3429 nequam
2542 3364 2634 3415 ille

1574 3437 1698 3488 vitoe
1730 3438 1910 3488 aliene
1932 3438 2229 3489 insidiator:
2266 3454 2482 3503 nempe:
2517 3455 2637 3490 con-

1576 3516 1774 3581 tagioso
1818 3516 2053 3565 laborans
2082 3530 2209 3580 puer
2243 3516 2424 3566 morbo
2447 3531 2541 3566 cur
2562 3517 2636 3566 vi-

1575 3592 1703 3640 vat?
1766 3593 1884 3652 Vel,
1929 3591 2067 3660 apud
2103 3606 2157 3642 se
2196 3591 2496 3655 meditatus,
2532 3606 2635 3657 qna

1573 3667 1661 3715 via
1696 3666 1906 3731 impune
1951 3672 2216 3731 expungat
2266 3666 2537 3731 pupillum,
2579 3673 2638 3717 et

1576 3757 1776 3793 veneno
1812 3744 1996 3794 tollere
2024 3742 2163 3793 forte
2207 3742 2346 3808 apud
2383 3757 2439 3793 se
2471 3751 2636 3793 statu-

1576 3835 1688 3882 ens,
1729 3827 1905 3885 sperat
1960 3835 2103 3870 suum
2161 3822 2330 3870 scelus
2373 3822 2634 3871 occultum

1576 3893 1705 3958 fore,
1724 3896 1859 3960 qnod
1882 3897 1972 3946 ille
1992 3895 2063 3945 sit
2083 3897 2216 3945 male
2236 3893 2426 3945 affecta
2440 3896 2636 3946 valetu-

1577 3972 1726 4034 dine3
1781 3973 1965 4038 plenus
1997 3986 2181 4036 nempe
2221 3971 2399 4022 scabie
2432 3978 2490 4021 et
2521 3979 2637 4023 atra

1578 4048 1824 4114 bill,quae
1846 4050 2123 4100 multorum
2158 4048 2446 4097 morborum
2481 4061 2638 4098 causa

1572 4131 1673 4176 est.
1739 4125 1802 4175 In
1835 4139 1937 4191 quo
1959 4123 2118 4175 etiam
2154 4138 2212 4174 se
2251 4129 2429 4174 tuetur
2459 4137 2611 4174 exem
