2992 4859
790 340 1146 404 nomime,
1194 342 1287 391 ιτ
1314 341 1743 409 ἱεοιωιιῑιῆιη
1781 340 2111 390 esurias.
2461 322 2540 389 11

341 485 497 552 loco
547 485 1037 569 comprobavit,
1062 505 1278 571 neque
1306 503 1691 569 quenquam
1719 483 1911 568 fugit,
1946 489 2228 568 quantos
2271 483 2549 568 plausus

341 604 585 651 scurrae
620 587 877 669 passim
902 592 970 672 et
1017 588 1371 651 sanniones
1400 587 1664 657 tulerint
1689 593 1911 652 nostra
1951 589 2270 651 memoria
2303 589 2374 661 in
2397 586 2549 671 phi-

338 685 654 771 losophia
679 688 921 752 critica.
936 686 1317 768 deridenda,
1358 689 1534 753 dum·
1568 688 1943 754 defensores
1985 690 2132 774 ejus
2182 687 2546 755 doctissimi

334 795 539 874 atque
568 791 957 881 ⁸acutissimi
999 810 1133 856 non
1171 791 1486 857 intellecti
1518 792 1617 856 illi
1659 790 1930 874 quidem
1964 809 2174 855 causa
2219 789 2544 859 cecidisse

336 889 700 959 videantur.
811 890 1325 959 Innumerabiles
1374 901 1696 982 proetgrea
1745 897 1900 961 sunt
1945 893 2256 969 rationes,
2300 892 2546 974 quibus

341 990 669 1057 Horatius
692 1011 858 1057 usus
900 1000 1028 1071 est,
1074 993 1162 1057 ad
1191 1013 1329 1057 rem
1356 993 1648 1078 aliquam
1681 991 1860 1057 haud
1887 1012 2037 1057 raro
2063 993 2402 1075 vulgarem
2428 1012 2548 1057 no-

334 1094 539 1163 vitate
574 1094 802 1177 aliqua
833 1101 903 1159 et
938 1098 1286 1169 venustate
1329 1092 1943 1172 commendandam,
1973 1113 2127 1177 quoe
2157 1094 2548 1175 ingeniosis-

336 1193 623 1272 simum,-
670 1195 1187 1261 versatissimum
1241 1194 1655 1278 rationisque
1708 1196 2014 1261 humanae
2069 1194 2543 1279 peritissimum

331 1294 644 1375 indicant,
674 1296 1347 1381 politissimorumque
1372 1297 1710 1363 hominum
1740 1298 2140 1362 commercio
2162 1302 2230 1362 et
2258 1314 2543 1373 consue-„-

330 1396 557 1465 tudine
584 1416 802 1476 usum,
828 1417 1108 1483 quarum
1134 1416 1355 1482 pauca
1393 1402 1646 1471 tantum
1690 1398 1982 1480 vestigia
2025 1398 2096 1463 in
2143 1396 2378 1462 Persio
2430 1396 2544 1471 def·

333 1496 831 1581 prehenduntur.
921 1496 991 1587 N
992 1517 1163 1582 eque
1203 1518 1363 1564 sane
1398 1505 1525 1577 est,
1574 1499 1753 1583 quod
1799 1501 2126 1576 miremur,
2179 1500 2276 1564 ita
2303 1519 2376 1565 se
2401 1518 2542 1564 rem

331 1599 593 1667 babere.
681 1600 941 1667 Etenim
969 1601 1282 1666 satiricus
1311 1602 1381 1666 in
1403 1601 1741 1666 hominum
1782 1600 2143 1684 fiequentia
2169 1601 2373 1667 debet
2395 1621 2541 1668 ver-

334 1702 499 1782 sari,
524 1710 600 1768 nt
625 1722 852 1769 eorum
890 1704 1176 1786 ingenia,
1219 1722 1459 1781 mores,
1490 1704 1652 1768 vitae
1698 1701 2236 1769 consuetudinem
2263 1721 2543 1786 cognos-

335 1812 467 1884 cat,
494 1823 623 1869 non
642 1806 712 1869 in
740 1805 977 1870 umbra
1001 1810 1070 1870 et
1094 1804 1470 1881 solitudine,
1501 1804 1575 1868 in
1594 1823 1728 1886 qua
1753 1802 2071 1886 majorem
2099 1804 2255 1868 vitae
2282 1809 2541 1887 partem

334 1905 612 1972 Persius
638 1907 946 1990 exegisse
973 1906 1252 1973 videtur.
1342 1905 1481 1985 Qui
1506 1906 1774 1991 quidem
1794 1907 1864 1970 in
1882 1906 2216 1971 hominum
2244 1905 2540 1970 moribus

331 2014 399 2075 et
442 2008 625 2074 vitiis
665 2007 1116 2077 describendis
1165 2028 1425 2075 summa
1466 2009 1669 2077 utitur
1714 2007 2050 2090 diligentia
2077 2008 2541 2091 coloribusque

330 2110 905 2196 exquisitissimis:
978 2111 1096 2176 sed
1147 2113 1214 2177 in
1264 2111 1700 2193 lineamentis,
1751 2131 1904 2196 quoe
1956 2110 2160 2181 ducta
2185 2114 2365 2187 sunt,
2409 2126 2540 2173 non

327 2212 544 2283 levmn
580 2218 650 2277 et
677 2214 869 2297 quasi
894 2212 1201 2296 fugacem
1228 2213 1509 2279 artificis
1536 2231 1826 2290 manum,
1873 2213 1994 2278 sed
2019 2215 2349 2281 timentem
2376 2213 2538 2277 etin

327 2314 599 2405 minutis
628 2319 1007 2379 accuratam
1053 2314 1391 2398 agnoscis,
1436 2318 1513 2389 ut
1558 2315 1787 2381 statim
1838 2320 2180 2399 appareat,
2237 2320 2537 2407 naturam

330 2414 463 2481 sibi
492 2416 710 2500 ipsam
738 2434 888 2479 eum
914 2434 1046 2493 non
1072 2417 1528 2501 proposuisse,
1579 2415 1700 2481 sed
1749 2417 2011 2501 regulas
2057 2422 2359 2491 secutum
2385 2435 2536 2483 esse

327 2523 395 2581 et
417 2522 782 2603 praecepta,
828 2536 1039 2601 eaque
1060 2519 1379 2585 imitando
1406 2521 1852 2603 expressisse,
1900 2539 2053 2603 quae
2085 2519 2235 2602 jam
2268 2520 2355 2585 ab
2380 2518 2536 2585 aliis

327 2636 646 2704 expressa
671 2618 925 2683 viderit.
1015 2619 1193 2699 Quae
1219 2640 1425 2687 causa
1468 2640 1736 2706 quoque
1762 2629 1885 2699 est,
1923 2630 1998 2686 ut
2042 2623 2194 2687 loca
2221 2619 2534 2704 quaedam

327 2739 459 2789 non
488 2721 703 2804 polita
731 2720 951 2785 solum
979 2722 1338 2808 diligenter,
1389 2723 1510 2789 sed
1529 2790 1532 2795 ,
1554 2725 1736 2789 cultu
1762 2742 2045 2807 operoso
2073 2722 2366 2805 undique
2395 2722 2536 2786 col-

327 2822 507 2887 lecto
543 2842 736 2905 paene
792 2821 1006 2906 rigida
1059 2824 1427 2903 videantur,
1484 2823 1796 2909 quaedam
1845 2825 2134 2890 oratorio
2181 2824 2335 2889 fuco
2362 2823 2532 2889 adeo

328 2924 639 3002 obducta,
688 2929 785 3001 ut,
840 2945 994 3010 quae
1040 2926 1322 3004 subsint,
1369 2946 1561 2990 nemo
1604 2926 1978 3009 perspicere
2001 2925 2235 3007 possit.
2323 2924 2535 2991 Porro

324 3045 454 3105 res,
500 3028 859 3111 exempla„
879 3028 1387 3106 similitudines„
1418 3047 1575 3112 quai
1633 3033 2110 3112 proponuntur,
2170 3046 2303 3093 non
2353 3027 2534 3092 domi

322 3133 489 3195 nata
518 3135 639 3194 aut
683 3135 921 3212 sponte
944 3130 1202 3207 oborta,
1251 3129 1371 3193 sed
1399 3130 1629 3195 schola
1656 3128 1959 3194 videntur
1983 3129 2213 3206 allata,
2243 3127 2534 3213 ideoque

324 3248 513 3313 saepe
560 3248 709 3309 non,
744 3235 1016 3295 movent
1059 3232 1351 3295 animum
1393 3230 1684 3308 lectoris,
1713 3249 1834 3294 nec
1884 3229 2225 3313 inopinato
2270 3229 2531 3310 feriunt,

323 3329 441 3395 sed
484 3328 791 3413 frigidum
808 3328 1188 3413 relinquunt
1214 3331 1530 3405 adhibitae
1559 3334 1721 3397 artis
1770 3330 2261 3407 admiratorem.
2353 3329 2529 3409 Quae

322 3433 501 3499 ⁴vitia
522 3431 767 3508 omnia,
804 3450 849 3495 a
882 3432 1123 3513 quibus
1151 3451 1234 3495 ne
1260 3426 1495 3516 optimi
1523 3433 1791 3517 quidem
1824 3432 2280 3497 Romanorum
2308 3432 2530 3517 poetae

325 3532 595 3617 omnino
618 3533 810 3598 liberi
834 3538 1010 3612 sunt,
1054 3552 1145 3596 ex
1172 3540 1587 3616 praepostera
1611 3535 1944 3598 rhetorum
1969 3531 2351 3616 disciplina,
2375 3553 2529 3617 quae

320 3642 463 3701 tum
476 3638 769 3701 maxime
795 3636 1013 3718 vigere
1035 3635 1267 3718 eoepit,
1286 3637 1494 3718 repeti
1515 3641 1819 3719 possunt,
1839 3653 1977 3716 qua
1998 3634 2185 3718 prius
2203 3633 2532 3701 discerent

314 3736 625 3822 juveneS,
654 3735 1208 3820 quemadmodum
1236 3737 1504 3799 inventa
1525 3742 1745 3799 essent
1770 3734 2136 3813 tractanda,
2167 3754 2365 3818 quam
2395 3738 2531 3821 ipsi

320 3857 535 3904 rernm
565 3838 943 3920 cognitione
989 3840 1154 3902 satis
1206 3839 1535 3916 instructi,
1567 3858 1717 3921 quae
1748 3839 1990 3922 cuique
2031 3845 2403 3920 argumento
2431 3840 2530 3909 fo.-

317 3947 460 4007 rent
487 3940 1009 4018 accommodata,
1051 3942 1346 4005 invenire
1376 3930 1443 4004 et
1472 3942 1853 4023 excogitare
1881 3941 2204 4005 valerent:
2260 3941 2528 4024 fierique

319 4038 588 4108 omnino
617 4060 888 4105 necesse
917 4040 1064 4120 fuit,
1093 4048 1189 4120 ut,
1219 4041 1378 4106 dum
1405 4043 1748 4107 memoriae
1779 4041 2031 4106 infinita
2053 4042 2172 4106 illa
2190 4048 2528 4126 praecepta

254 4136 259 4141 ’
321 4142 818 4221 inculcarentur,
851 4141 1117 4228 ipsique
1157 4143 1227 4208 in
1262 4141 1558 4227 legendis
1594 4142 1814 4226 poetis
1839 4149 1908 4208 et
1935 4143 2302 4219 oratoribus
2321 4141 2409 4207 ad
2442 4162 2528 4212 ea
