2992 4859
368 287 419 353 6
1150 302 1247 350 nn
1298 301 1538 351 nasu
1589 303 1794 365 viu,

374 444 695 513 affinitate
745 451 888 512 erat
938 446 1353 530 conjunctus,
1445 447 1753 514 Decessit
1802 445 2075 512 Persius
2123 445 2230 511 vel
2287 445 2575 529 septimo

371 550 478 623 vel
505 558 744 615 octavo
773 568 946 613 auno
969 549 1228 633 imperii
1260 549 1550 613 Neronis
1574 547 1657 614 A.
1676 548 1781 613 U.
1814 548 1891 614 C.
1920 549 2073 613 815.
2139 545 2394 612 Auctor
2415 549 2573 613 vitm

372 651 522 736 ejus
550 651 883 716 memoriae
915 642 1244 734 proditum
1272 652 1558 735 reliquit,
1608 652 1854 715 eumin
1881 650 2160 734 pueritia
2193 646 2574 713 Praetexeam

372 760 444 819 et
497 750 911 835 Odor‘poricou
954 751 1208 816 -libmm
1260 770 1462 815 unum
1500 758 1568 816 et
1615 770 1878 835 paucos
1923 770 2152 817 versus
2197 753 2267 815 in
2310 768 2582 819 socrum*

373 854 688 920 Thraseae
746 852 1010 918 Arriam
1068 860 1367 931 matrem,
1425 874 1576 937 quae
1627 873 1708 917 se
1753 858 1904 917 ante
1952 854 2166 917 virum
2210 852 2574 931 occiderat,

372 956 751 1039 scripsisse,
781 974 932 1038 quae
964 956 1192 1019 omnia
1226 953 1519 1019 Cornuto
1555 959 1826 1020 auctore
1856 974 1899 1021 a
1924 960 2131 1019 matre
2174 953 2388 1019 Persii
2415 955 2576 1018 abo-

370 1059 495 1124 lita
520 1059 673 1127 sint.
764 1044 998 1134 Porro,
1040 1076 1186 1121 raro
1218 1056 1529 1120 Persium
1574 1064 1642 1122 et
1676 1057 1862 1122 tarde
1901 1057 2274 1141 scripsisse,
2304 1056 2576 1121 librum-

374 1179 525 1243 que,
555 1180 755 1244 quem
794 1178 969 1225 nunc
1005 1160 1204 1223 etiam
1241 1160 1585 1235 habemus,
1618 1160 1914 1224 ultimam
1953 1178 2220 1225 manum
2261 1159 2408 1243 ejus
2441 1174 2574 1222 non

371 1280 520 1325 esse
547 1267 916 1346 expertum.
1005 1261 1087 1325 In
1133 1259 1603 1344 hujus-ultima
1643 1268 1833 1346 parte
1868 1280 2095 1327 versus
2135 1261 2394 1344 aliquot
2424 1278 2573 1324 esse

376 1358 656 1441 demtoS,
701 1370 775 1429 ut
831 1364 1054 1427 finitus
1082 1363 1438 1441 videretur,
1489 1364 1983 1449 cornutumque
2010 1366 2226 1447 ipsum
2262 1362 2578 1427 nonnulla

375 1465 770 1543 correxisse,
828 1464 1188 1549 Caesioque
1246 1468 1517 1548 petenti,
1566 1472 1639 1532 ut
1676 1467 1975 1531 ederetur
2019 1467 2208 1543 liber,
2253 1463 2575 1528 edendum

374 1564 747 1631 tradidisse.
808 1566 1143 1632 -Continet
1184 1568 1294 1632 hic
1341 1569 1529 1648 liber,
1580 1590 1623 1634 a
1675 1569 2090 1648 Quintiliano
2143 1575 2209 1632 et
2265 1565 2576 1631 Martiale

373 1668 764 1746 laudatus,¹²
812 1675 1050 1753 praetcr
1087 1671 1436 1753 prologum
1484 1690 1609 1735 sex
1657 1673 1919 1750 satiras,
1973 1689 2105 1735 non
2149 1671 2294 1754 pari
2344 1685 2574 1733 omnes

374 1771 710 1854 dignitate,
741 1792 1016 1856 quarum
1051 1773 1269 1854 prima
1313 1793 1403 1837 ex
1442 1773 1718 1838 duarum
1761 1773 2026 1837 laciniis
2065 1772 2441 1855 composita
2480 1771 2576 1835 vi-

366 1873 587 1951 detur,
620 1876 817 1940 etiam
848 1894 937 1939 ex
966 1881 1197 1959 quarta
1223 1894 1356 1940 non
1398 1894 1621 1960 pauca
1648 1875 2061 1941 intercidisse
2088 1873 2429 1957 probabile
2456 1876 2573 1937 eff.

375 1974 472 2040 Ut
509 1977 885 2041 accuratius
925 1975 1010 2040 dc
1045 1976 1180 2040 illis
1216 1975 1446 2040 satiris
1482 1976 1785 2061 judicare
1823 1977 2184 2061 possimus,
2225 1984 2368 2057 age‘
2393 1975 2575 2038 vide-

374 2094 565 2141 amus
587 2077 853 2159 panciS,
887 2077 1046 2161 quid
1087 2082 1157 2142 et
1184 2075 1412 2161 qualis
1446 2079 1536 2143 sit
1569 2078 1775 2142 satira
1813 2084 1929 2143 aut
1966 2076 2311 2143 satiricum
2349 2092 2572 2159 genus,

368 2178 562 2261 ‘quod
592 2198 633 2241 a
662 2178 991 2243 Romanis
1011 2181 1375 2257 inventum,
1398 2180 1744 2245 excultum
1774 2187 1843 2245 et
1866 2180 2228 2264 perfectum
2258 2186 2381 2244 est.

462 2277 792 2345 Carminis
829 2296 1058 2363 genus,
1102 2281 1281 2363 quod
1318 2282 1539 2346 satirae
1580 2284 1843 2345 nomine
1881 2281 2266 2364 insignitum
2293 2284 2417 2358 est,
2444 2281 2572 2345 hoc

366 2381 573 2445 habet
616 2385 1056 2466 propositum,
1103 2390 1176 2448 ut
1224 2403 1437 2448 mores
1481 2384 1799 2461 emendet,
1843 2401 2057 2467 eoque
2103 2402 2147 2447 a
2191 2383 2413 2448 libello
2458 2398 2575 2446 seu

366 2483 665 2547 carmine
710 2484 970 2565 famoso
1022 2486 1256 2563 differt,
1309 2506 1443 2570 quo
1488 2487 1851 2568 ici-agitur,
1895 2493 1968 2550 ut
2015 2485 2263 2570 aliquis
2304 2484 2574 2567 indigno

365 2600 553 2649 more
575 2580 847 2649 infa'mia
873 2595 1279 2671 aspergatur.
1338 2588 1591 2652 Verum
1620 2587 1814 2664 ratio,
1845 2606 1982 2672 qua
2010 2586 2318 2651 satiricus
2346 2586 2573 2662 utitur,

371 2700 508 2751 non
538 2687 605 2750 in
634 2706 716 2753 co
752 2689 978 2771 posita
1013 2696 1139 2769 est,
1178 2696 1253 2754 ut
1297 2696 1645 2773 praecepta
1686 2688 2017 2754 tradantur
2049 2688 2332 2767 virtutis,
2361 2706 2575 2752 mores

371 2787 642 2853 candidi
682 2789 1048 2869 laudentur,
1100 2793 1393 2876 vitaeque
1430 2794 1748 2857 honestas
1796 2790 2301 2867 commendetur,
2351 2806 2574 2853 verum

373 2889 700 2954 diversam
735 2893 917 2955 viam
947 2892 1326 2975 ingreditur,
1365 2891 1530 2956 ridet
1570 2891 1938 2970 stultitiam,
1976 2892 2191 2976 carpit
2231 2891 2573 2974 improbos

370 3010 608 3068 moreS,
640 2992 888 3055 scelera
912 2992 1223 3075 flagellat,
1242 3000 1460 3076 atque,
1482 2998 1557 3056 ut
1582 2994 1869 3057 breviter
1891 2993 2130 3070 dicam,
2161 2996 2225 3056 τὸ
2246 2993 2575 3077 ἐλεγκτικὸν

372 3092 641 3156 satirico
667 3095 1083 3175 propositum
1112 3100 1229 3159 est.
1316 3092 1427 3156 Ad
1467 3093 1639 3157 hanc
1665 3106 1800 3158 rem
1830 3112 1959 3181 non
1989 3101 2365 3178 argumenta
2391 3094 2574 3159 adhi-

370 3196 505 3273 bet,
535 3202 610 3260 ut
636 3216 892 3260 morum
922 3202 1295 3280 praeceptor
1323 3196 1393 3258 in
1422 3195 1696 3275 scholis,
1725 3203 1846 3262 aut
1881 3195 2351 3281 turpitudinem
2377 3198 2575 3262 vitio-

1375 3404 1588 3458 Nom-2

369 3515 612 3567 Thraseoe
654 3516 735 3564 vel
775 3516 966 3566 invitus
1004 3517 1229 3581 agnovit.
1285 3519 1426 3569 Plut.

366 3593 588 3656 reipubl.
618 3607 728 3656 ger.
761 3606 914 3656 pra-c.
939 3608 986 3642 c.
1014 3597 1090 3643 14.
1112 3593 1176 3645 T.
1207 3607 1306 3644 xn.
1343 3594 1428 3644 ed.

366 3667 527 3717 Hutt.
565 3668 851 3718 Accusatus
886 3669 1095 3732 deinde,
1127 3672 1296 3721 Tacit.
1321 3672 1355 3721 1.
1380 3688 1427 3722 c.

368 3758 485 3795 xvi.
517 3749 630 3805 21.;
683 3746 866 3794 mortis
903 3746 1172 3795 arbitrium
1205 3748 1430 3812 accepit,

366 3821 608 3887 venisque
633 3822 791 3871 sectis
809 3822 1069 3873 occubuit.
1134 3823 1299 3874 Tacit.
1322 3824 1355 3872 Ι.
1378 3839 1426 3873 c.

365 3904 483 3960 ⁸1·;
518 3904 730 3949 sueton.
759 3899 884 3949 Ner.
907 3903 988 3949 87.
1012 3916 1027 3959 ;
1060 3899 1232 3949 Schol.
1255 3899 1320 3948 ad
1336 3900 1429 3951 Ju-

364 3976 529 4026 venal.
568 3988 622 4023 v.
662 3978 772 4034 ³64
840 3976 944 4023 Dio
987 3975 1129 4025 Coss.
1170 3988 1302 4025 mr.
1341 3980 1423 4025 26.

363 4050 620 4105 [nudavit
638 4065 755 4099 eum
780 4056 961 4114 postea
978 4049 1269 4103 Aurulenus
1299 4053 1425 4103 Rus·

362 4127 516 4192 tiens,
539 4126 677 4192 quod
697 4124 798 4190 ipsi
828 4125 924 4176 sub
961 4126 1259 4178 Domitiano
1287 4128 1426 4195 capi-

1509 3521 1615 3569 tale
1639 3518 1759 3582 fuit,
1781 3519 2013 3584 liberque
2036 3523 2250 3568 exustus
2272 3524 2367 3568 est.
2399 3518 2572 3569 Tacit.

1511 3598 1603 3647 vit.
1626 3596 1807 3662 Agr-ic.
1830 3601 1878 3647 2.
1898 3604 1954 3647 et
1975 3600 2086 3646 Aba
2136 3596 2347 3646 Sueten.
2374 3594 2572 3647 Domit.

1509 3677 1593 3723 lo.

1507 3762 1516 3767 ·
1576 3750 1637 3798 12
1670 3749 1891 3801 Quintil.
1923 3760 1976 3797 x.
2003 3751 2050 3797 1.
2084 3748 2342 3797 ‘Multum
2361 3754 2418 3798 et
2432 3764 2570 3799 verm

1510 3823 1705 3888 gloriae,
1747 3824 1975 3890 quanm-is
2025 3839 2127 3874 uuo
2169 3822 2318 3886 libro,
2365 3824 2574 3876 Persius

1510 3900 1736 3951 meruit.’
1757 3900 1989 3951 Martia!-
2012 3914 2090 3949 lv.
2109 3904 2190 3950 29.
2214 3905 2263 3950 7.
2289 3917 2399 3967 seq.
2433 3908 2448 3931 ⁸
2465 3905 2576 3954 Soe-

1513 3974 1626 4038 pius
1646 3975 1700 4024 in
1724 3975 1857 4026 libro
1880 3984 2198 4026 memoratur
2223 3978 2427 4027 Persius
2452 3994 2576 4041 uuo,

1509 4053 1682 4178 gam:
1721 4052 1852 4104 levis
1893 4052 1944 4103 in
1982 4058 2093 4102 tota
2126 4053 2330 4104 Marsus
2359 4054 2574 4108 Amazo-

1601 4142 1648 4178 e.
2491 4152 2502 4159 ·
