2992 4859
1191 368 1470 419 SA'HRA
1514 372 1585 423 V..

2361 355 2490 419 16¹7

272 509 548 576 Cretata
575 508 848 574 ambitio
861 510 896 572 't
959 506 1213 591 Vigila,
1243 514 1311 575 et
1337 512 1513 577 cicer
1539 512 1761 595 ingere
1786 510 1985 597 large‘-

275 612 558 679 Rixanti
586 612 862 696 populo,
891 618 1122 678 nostra
1143 619 1218 677 nt
1243 612 1545 679 Floralia
1563 616 1826 699 possint

281 795 419 859 vigil
432 801 563 845 esto·
600 801 741 860 atque
761 795 1055 846 abundanter
1091 795 1216 846 cicer
1249 810 1274 846 e

1276 796 1456 859 larg-ire
1470 796 1848 862 plebingmfi,
1868 804 1924 850 at
1944 800 2094 849 vetuli
2113 799 2178 849 ad
2195 800 2487 862 soleneaepo·

272 861 364 910 siti
399 875 756 911 connumerare
796 866 969 925 quesn
999 866 1160 911 nostra
1201 861 1362 911 Hom
1394 860 1547 920 festa.
1616 864 1857 919 Quidnam
1897 860 2172 915 buatius?
2206 865 2489 928 sedqamdo

1206 987 1238 1009 O
1241 989 1362 1009 ΝΟ,
1365 989 1577 1010 “M“

723 1074 820 1121 177
851 1070 1096 1135 placebat
1112 1071 1320 1136 evigila.-
1351 1074 1443 1125 sed
1464 1074 1591 1126 nihil
1608 1081 1767 1126 muto.
1805 1075 2067 1127 omnbus.

1279 1238 1493 1290 NOTAE

280 1345 538 1398 adulator.
569 1347 796 1414 Pulpare,
816 1348 1024 1414 proprie
1060 1356 1163 1413 eat,
1194 1363 1348 1401 manu

279 1425 529 1488 mulcere,
549 1432 795 1490 tractare,
821 1427 1130 1491 explorare3
1169 1434 1227 1479 et
1253 1442 1350 1493 per

281 1501 656 1567 metaphoram,
677 1502 935 1569 significat
967 1503 1241 1568 explorare
1260 1504 1351 1555 lio-

281 1575 478 1626 minmn
516 1585 737 1643 mentes,
769 1584 1088 1644 praetentare
1114 1581 1351 1631 volunta-

285 1660 411 1719 tem,
446 1654 512 1705 ad
541 1657 764 1720 gratiam
781 1657 849 1707 ab
868 1658 933 1708 iis
955 1659 1349 1724 surripiendum.

283 1730 392 1781 liic
413 1732 625 1796 ponitur
658 1748 754 1797 pro
774 1736 1068 1799 ambitioso,
1090 1737 1178 1802 qui
1202 1752 1353 1802 pren·

283 1815 369 1860 sat
383 1811 542 1875 cives,
564 1818 622 1863 et
635 1827 815 1864 auram
834 1816 1135 1880 popularem
1153 1821 1353 1881 captat,

284 1891 346 1936 ut
368 1900 547 1937 eorum
573 1887 816 1954 suffragia
837 1890 1181 1954 demereatur,
1202 1898 1260 1943 et
1278 1892 1353 1943 sic

284 1960 354 2011 ad
373 1962 596 2013 bonores
620 1972 677 2015 et
701 1965 983 2030 dignitates
1000 1970 1289 2032 perveniat.

355 2039 537 2104 Ducit]
571 2041 678 2092 Per
695 2043 880 2093 Tribus
908 2044 1265 2109 circumducit,
1287 2047 1353 2096 ad

287 2116 507 2179 gratiam
528 2117 712 2181 populi
730 2118 951 2169 Romani
981 2121 1353 2185 aucupandam.

285 2192 396 2243 Alii
415 2192 615 2257 legunt,
636 2192 783 2256 tollit,
805 2194 1025 2257 perinde
1045 2201 1143 2246 est.
1194 2196 1355 2246 Hias-

290 2272 403 2333 tem²
424 2270 749 2320 anhelantem
766 2269 834 2319 ad
856 2271 1094 2335 bonores,
1116 2286 1178 2323 ac
1211 2274 1356 2323 velut

289 2352 476 2410 aperto
495 2361 586 2397 ore
604 2352 957 2412 appetentem.

358 2424 453 2471 177
490 2422 689 2472 Cretam
708 2421 928 2485 ambitio]
961 2424 1081 2473 Mos
1108 2430 1222 2475 erat
1243 2426 1359 2475 Ma·

291 2497 567 2563 gistratum
602 2497 821 2564 aliquem
863 2500 1205 2552 ambientibus
1259 2502 1359 2551 eir-

292 2575 490 2626 cumire
523 2575 576 2625 in
626 2582 774 2627 veste
807 2577 1031 2627 candore
1065 2579 1354 2643 splendida.

291 2653 415 2703 Non
430 2651 568 2702 enim
589 2652 664 2702 illi
682 2654 914 2703 contenti
935 2653 1089 2705 insito
1107 2656 1242 2705 lanne
1271 2670 1358 2705 co-

291 2729 421 2789 lore,
442 2734 639 2778 cretam
661 2728 926 2779 addebant
960 2730 1016 2780 in
1053 2737 1268 2794 vestem,
1301 2736 1361 2781 ut

292 2803 652 2867 candesceret,
676 2804 832 2855 immo
856 2804 1170 2868 splenderet.
1206 2805 1359 2855 Unde

294 2878 604 2943 κοτ’δξοχὴν
629 2880 762 2931 dicti
786 2881 1222 2931 emmeramme
1255 2889 1363 2932 eta

290 2957 450 3021 vulgo
495 2957 730 3021 discreti,
763 2957 849 3007 cni
887 2957 1008 3007 alba
1045 2958 1250 3023 quidem
1269 2958 1362 3008 sed

298 3048 400 3084 non
423 3035 646 3085 candida
675 3043 793 3099 toga
813 3042 945 3086 erat.
1011 3036 1144 3086 Haec
1160 3035 1366 3087 erudite

295 3111 436 3164 Just.
477 3111 616 3175 Lips.
651 3113 819 3162 Elect.
841 3125 883 3162 1.
909 3116 991 3162 18.
1026 3112 1117 3161 ubi
1150 3118 1206 3161 et
1237 3113 1367 3162 citat

297 3186 572 3250 Isidorum,
608 3200 728 3238 xlv,
769 3192 853 3237 24.
900 3189 916 3216 ‘
941 3186 1028 3238 Fit
1048 3194 1167 3251 toga
1186 3187 1367 3239 addito

297 3261 522 3326 quodam
543 3270 702 3313 cretae
747 3278 938 3327 genere
956 3263 1227 3314 candidior
1245 3265 1277 3314 :⁹
1309 3271 1366 3315 et

295 3338 409 3388 δυο
439 3339 555 3402 ipsa
586 3339 757 3389 Persii
793 3339 966 3390 verba.
990 3339 1160 3399 affert,
1182 3341 1365 3391 multa·

298 3430 404 3480 que
455 3418 576 3479 alia,
632 3425 691 3467 ut
749 3418 939 3483 probet
1011 3417 1366 3483 quotidianam

300 3493 426 3543 olim
463 3495 707 3545 Romanis
746 3500 921 3559 togam
974 3495 1132 3546 fnisse
1176 3495 1366 3559 albam,

289 3571 539 3635 >quamvis
561 3572 719 3621 certis
759 3571 942 3622 diebus
964 3572 1288 3622 candidiores
1311 3580 1367 3624 et

298 3645 673 3709 splendidiores
691 3647 964 3710 prodirent
980 3647 1047 3696 ob
1059 3655 1259 3696 vestem
1271 3663 1365 3697 sen

296 3728 583 3786 recentem,
604 3736 697 3772 seu
719 3730 988 3774 cretulam.
1054 3723 1192 3773 Hinc
1211 3736 1363 3786 porro

300 3797 580 3847 discrimen
613 3795 773 3862 jubet
815 3800 939 3863 poni
986 3798 1124 3848 inter
1169 3803 1364 3848 vestem

301 3874 515 3938 pullam,
540 3889 656 3939 quae
672 3873 903 3926 funebris
924 3882 1126 3925 tantum
1148 3892 1163 3937 ς
1184 3882 1241 3925 et
1257 3889 1366 3924 sor-

303 3952 496 4015 didam,
527 3952 642 4003 sive
683 3953 1014 4016 sordidatam,
1036 3953 1091 4002 id
1129 3961 1229 4013 est,
1251 3966 1369 4001 con-

304 4028 489 4079 tractis
511 4028 746 4079 sordibus
767 4027 981 4091 fuscam,
1015 4043 1117 4093 qua
1155 4028 1368 4077 uteban-

304 4110 394 4155 tur
435 4105 716 4168 supplices.
784 4107 871 4155 De
912 4104 1095 4168 quibus
1135 4103 1370 4154 omnibus

307 4182 398 4233 ille
420 4181 555 4241 fuse,
579 4181 789 4233 ibidem.

1430 1349 1725 1402 ambitionis
1760 1350 1953 1402 homini
1998 1352 2247 1401 bonorum
2296 1349 2491 1414 cupido

1428 1428 1800 1493 praecipientis‚
1858 1442 1962 1493 quo
2016 1431 2175 1491 pacto
2228 1426 2494 1491 popularis

1427 1502 1543 1567 fiat,
1563 1510 1621 1555 et
1647 1504 1927 1568 dignitates
1949 1502 2281 1569 adipiscatur.
2355 1501 2495 1564 Vigi-

1429 1583 1498 1644 la,
1549 1581 1732 1647 inquit,
1782 1594 1978 1631 summo
2032 1592 2184 1629 mane
2239 1577 2493 1640 discurre,

1429 1657 1625 1721 labora,
1668 1672 1857 1707 exerce
1892 1662 1946 1705 te
1979 1657 2033 1704 in
2064 1655 2162 1704 bac
2184 1652 2380 1704 urbana
2400 1653 2494 1704 mi-

1429 1734 1546 1783 litia
1568 1750 1582 1783 ε
1618 1734 1692 1785 sic
1709 1734 1843 1784 enim
1863 1732 2058 1782 Tullius
2069 1731 2136 1780 ad
2154 1730 2321 1781 Attic.
2339 1734 2496 1779 vocat

1433 1810 1836 1861 Candidatorum
1886 1810 2063 1859 vitam.
2132 1807 2271 1858 Ante
2324 1806 2496 1857 lucem

1432 1888 1508 1938 ito
1538 1887 1605 1936 ad
1649 1888 1804 1950 cives,
1826 1887 2002 1951 eisque
2021 1885 2240 1935 salutem
2256 1883 2494 1949 diemque

1433 1978 1735 2028 prosperam
1769 1975 2073 2028 apprecare,
2109 1974 2318 2026 operam
2352 1966 2495 2010 tuam

1434 2046 1491 2090 et
1531 2039 1758 2091 officinm
1802 2038 2014 2104 sponde,
2063 2044 2124 2089 nt
2179 2050 2357 2088 eornm
2398 2034 2498 2085 tibi

1434 2131 1585 2182 pares
1612 2117 2040 2166 benevolentiam.

1505 2191 1646 2243 Cicer
1667 2192 1830 2255 ingere
1849 2192 2005 2255 large]
2047 2190 2335 2254 Legumina
2354 2188 2499 2239 varia

1434 2282 1621 2333 sparge
1645 2269 1970 2320 abundanter
1988 2270 2040 2318 in
2063 2267 2267 2332 vulgus,
2304 2264 2498 2327 sabam,

1435 2346 1578 2396 cicer
1596 2345 1806 2396 frictum
1828 2345 2050 2408 scilicet,
2075 2346 2175 2395 dcc.
2197 2342 2273 2394 sic
2301 2342 2499 2393 AEdiles

1435 2423 1573 2473 viam
1608 2423 1707 2473 sibi
1748 2423 2050 2473 muniebant
2091 2421 2157 2471 ad
2212 2420 2503 2485 superiores

1437 2500 1772 2563 Magistratus
1816 2515 1911 2564 per
1940 2498 2153 2548 missilia
2174 2495 2500 2562 ejusmodioet

1435 2577 1714 2640 congiaria,
1724 2576 1945 2626 maxime
1962 2574 2017 2624 in
2033 2572 2335 2624 Floralibus.
2348 2571 2503 2622 Alex.

1438 2652 1507 2702 ab
1550 2653 1707 2702 Alex.
1741 2666 1815 2704 vr.
1857 2657 1906 2702 8.
1976 2651 2162 2703 Horat.
2207 2650 2313 2699 Sat.
2348 2662 2412 2700 n.
2453 2640 2502 2700 θ’.

1438 2729 1455 2757 ‘
1480 2730 1543 2778 ln
1573 2730 1746 2778 eicere
1782 2734 1939 2792 atque
1973 2726 2115 2787 faba,
2146 2726 2284 2776 bona
2304 2731 2362 2774 tu
2384 2739 2501 2789 per-

1440 2804 1636 2870 dasque
1658 2802 1886 2868 lnpinis.'
1952 2802 2185 2851 Martial.
2227 2800 2293 2850 de
2312 2800 2506 2864 impen-

1443 2880 1531 2943 sis,
1573 2880 1626 2929 in
1667 2879 1979 2929 Floralibus:
2016 2879 2033 2906 ⁴
2052 2878 2123 2927 Et
2149 2877 2401 2941 populare
2424 2878 2504 2925 sa*-

1443 2969 1589 3004 crum
1613 2955 1688 3004 bis
1705 2953 1864 3003 millia
1879 2951 2017 3003 dena
2035 2949 2271 3002 tulisset.'

1508 3034 1604 3081 178
1637 3029 1847 3080 Rimanti
1875 3028 2066 3094 populo]
2119 3029 2354 3078 Donaria
2395 3042 2507 3079 cer·

1444 3107 1592 3158 tatim
1615 3107 1999 3171 excipientibus
2019 3112 2077 3157 et
2090 3120 2228 3171 saepe
2247 3107 2381 3155 rixas
2400 3120 2507 3156 mo·

1444 3183 1686 3234 ventibus
1718 3183 1829 3234 aliis
1866 3184 1920 3232 in
1940 3184 2085 3247 alios,
2122 3198 2234 3247 prae
2252 3182 2506 3233 aviditate

1447 3259 1725 3324 colligendi
1760 3266 1815 3310 et
1845 3260 1961 3325 plus
1984 3259 2227 3322 habendi,
2246 3260 2377 3311 adeo
2400 3266 2460 3310 ut
2476 3275 2509 3311 e

1443 3336 1569 3385 rixis
1607 3334 1778 3385 caedes
1821 3351 1921 3385 non
1976 3350 2095 3385 raro
2127 3335 2507 3400 contingerent.

1513 3415 1695 3463 Nostra
1735 3418 1793 3461 ut
1834 3413 2044 3461 Herulis
2076 3412 2274 3476 possint,
2296 3413 2401 3475 qa]
2436 3413 2511 3461 Ut

1445 3490 1594 3540 istius
1629 3488 1960 3537 liberalitatis
1990 3488 2236 3536 memoria
2279 3494 2510 3537 transeat

1444 3565 1512 3614 ad
1538 3570 1786 3628 posteros,
1823 3562 2028 3612 senibus
2049 3576 2161 3612 eam
2198 3562 2263 3612 ad
2292 3562 2435 3621 filios,
2446 3576 2509 3613 ac

1447 3644 1662 3703 nepotes
1688 3636 2054 3687 referentibus.

1512 3713 1745 3776 Floralia]
1800 3714 1972 3774 Flora,
2010 3711 2199 3762 mulier
2230 3712 2511 3777 impudica,

1445 3799 1560 3842 arte
1611 3790 1910 3840 meretricia
1957 3790 2193 3853 ingentes
2233 3791 2509 3856 acquisitas

1447 3882 1575 3933 opes
1604 3866 1808 3930 Populo
1841 3866 2076 3916 Romano
2111 3880 2178 3915 ex
2199 3872 2512 3916 testamento

1447 3944 1658 4009 legavit,
1672 3957 1735 3992 ea
1757 3941 2075 4006 conditione,
2112 3949 2174 3994 ut
2189 3943 2374 3992 natalis
2390 3956 2510 3991 suus

1450 4022 1564 4070 dies
1606 4020 1767 4070 festus
1788 4018 2087 4068 haberetur.
2154 4017 2292 4067 Huic
2316 4016 2533 4078 itaque,·

1452 4098 1846 4162 procurantibus
1874 4093 2145 4153 AEdilibus‚
2170 4092 2276 4141 ludi
2298 4098 2514 4155 quotan-

1452 4174 1534 4223 nis
1556 4173 1953 4223 celebrabantur
1973 4170 2111 4219 omni
2129 4167 2338 4216 lascivia
2357 4167 2518 4231 pleni,

380 4259 562 4324 Vigila,
590 4264 639 4310 st
672 4259 814 4323 cicer,
845 4257 958 4322 ξω]
1003 4255 1378 4324 Prosopopoeia
1456 4252 1776 4304 mentes
1815 4249 2005 4316 quidm
2034 4245 2273 4298 memorio
2302 4248 2518 4298 Μαι-ὶ-
