2992 4859
530 295 642 361 λθ

554 453 676 519 Nil
702 472 940 517 moror.

1312 309 1385 359 A.
1435 307 1684 360 Pmtssu
1732 306 1998 360 rhaccl

1029 451 1252 534 Euge!
1296 471 1549 529 omnes,
1577 470 1807 516 omnes
1836 452 2005 516 bene
2030 451 2220 516 miroe
2249 450 2430 515 eritis
2446 467 2585 514 res.

555 555 713 619 Hoc
734 555 977 639 juvati
1025 554 1190 633 Hic,
1219 555 1462 638 inquis,
1492 560 1646 618 veto
1675 554 2030 636 quisquam
2058 552 2234 616 faxit
2259 551 2541 616 oletum

552 656 762 739 Pinge
790 656 959 720 duos
986 676 1270 756 angues:
1315 656 1524 740 pueri,
1552 673 1741 718 sacer
1768 661 1868 718 est
1896 654 2128 717 locus:
2171 657 2361 724 extra

550 835 658 884 ceps
671 821 884 884 pulchra.
954 822 1065 871 Non
1097 822 1299 882 impedio

1319 821 1601 884 ᾳιιίἆφιαωε
1635 821 1749 870 bene
1769 825 1858 870 est.
1929 819 2126 879 Omnia,
2147 818 2322 879 omniu,
2357 817 2587 881 inquam,
2617 817 2765 868 nim

549 885 683 933 valde
700 885 1015 936 admirabilia.
1081 887 1217 935 Istud
1234 888 1388 949 placet
1405 902 1421 934 .·
1453 885 1570 946 illic,
1588 887 1681 948 ais,
1700 885 1940 949 prohibeo,
1971 899 2030 933 ne
2063 886 2184 932 ullus
2209 882 2369 943 faeiat
2388 888 2582 931 mus.
2650 885 2756 946 Ap·

543 950 693 1012 pinge
713 949 1111 1013 bimetra-pentes.
1193 951 1241 1000 Ο
1263 952 1480 1013 jnrenes,
1509 955 1672 1000 sancta
1710 955 1785 1000 est
1821 953 1955 998 terra
1989 949 2137 999 haee:
2173 946 2318 1009 sm
2350 947 2516 996 lotium
2549 945 2759 999 orietur.

1473 1089 1825 1110 NOOOMO‘OO

552 1204 654 1254 Μ..
678 1204 743 1253 R.
764 1219 900 1254 versu
921 1205 1022 1254 Ms.
1046 1205 1324 1255 GaL—lll
1357 1221 1535 1266 omes,
1570 1212 1615 1255 et
1653 1206 1779 1255 enim
1812 1207 1925 1258 bene
1960 1208 2065 1258 Ms.
2102 1209 2165 1257 R.
2219 1222 2342 1257 onus.
2365 1206 2538 1256 etenim
2554 1204 2667 1256 bene
2691 1204 2754 1256 C.

541 1283 722 1332 omn,
741 1284 818 1319 res
836 1285 992 1319 onmes
1013 1271 1116 1320 Ms-
1137 1271 1254 1321 Gal.
1317 1271 1417 1322 vidi
1437 1271 1515 1320 Ιιίε
1536 1272 1635 1319 vidi
1655 1272 1754 1322 Ms.
1781 1273 1846 1322 R.

1541 1424 1754 1475 NOTAE

617 1537 708 1582 111
748 1534 941 1596 Omnes,
975 1535 1153 1599 omnes]
1202 1536 1337 1589 Volo
1367 1537 1611 1601 deinceps

549 1610 739 1670 omnia,
760 1611 945 1672 omnia,
966 1613 1191 1677 inquam,
1225 1627 1342 1662 cum
1379 1612 1490 1661 aliis
1526 1611 1615 1661 ad-

549 1685 743 1746 mirari,
766 1693 825 1735 ut
846 1697 901 1734 ιιι
922 1686 1066 1752 facis,
1087 1696 1142 1737 et
1158 1688 1314 1751 jubes
1336 1704 1417 1738 me
1441 1695 1612 1738 tecum

548 1759 745 1821 facere,
766 1776 796 1809 o
820 1763 1062 1812 monitor.

616 1835 747 1887 Bene
778 1839 912 1886 miroe
932 1839 1067 1888 eritis
1086 1841 1184 1904 res]
1230 1839 1470 1890 Ridicula
1500 1855 1612 1889 ver-

549 1925 636 1962 sus
677 1913 905 1962 clausula
943 1915 1218 1965 ridiculum
1258 1915 1611 1965 adulatoribus

548 1989 908 2037 consentieudl
955 1991 1218 2040 consilium
1271 1993 1483 2055 egregie
1523 2005 1612 2039 ex·

548 2065 745 2135 primit.
809 2065 973 2115 Juxta
997 2064 1123 2115 illud
1148 2066 1354 2116 Horatii
1381 2079 1611 2131 praecep-

548 2148 654 2190 tum
678 2141 786 2190 Sat.
812 2145 891 2189 10.
918 2139 1006 2189 lib.
1029 2155 1066 2191 1.
1095 2145 1111 2170 ⁴
1138 2143 1208 2189 Et
1225 2155 1458 2190 sermone
1481 2155 1611 2205 opus

548 2222 630 2264 est
652 2217 802 2265 modo
827 2217 985 2276 tristi,
1007 2231 1149 2279 saepe
1162 2217 1374 2280 jocoso:
1415 2215 1613 2265 Defen-

550 2290 708 2339 deute
753 2292 917 2339 vicem
963 2290 1112 2338 modo
1157 2291 1415 2354 Rhetoris,
1455 2298 1614 2354 atque

547 2364 749 2425 Poetae,
791 2364 1061 2414 Interdum
1117 2364 1297 2414 urbani
1353 2365 1614 2429 parcentis

546 2439 761 2504 viribus,
797 2448 954 2504 atque
990 2437 1333 2489 Extenuantis
1368 2455 1456 2489 eas
1496 2453 1621 2490 con-

548 2515 718 2566 salto!

613 2599 708 2646 112
744 2595 852 2646 Hoc
875 2595 1039 2660 javat]
1104 2597 1291 2647 Placet
1323 2595 1417 2646 tibi
1442 2611 1612 2646 meum

544 2673 643 2722 hoc
671 2674 1009 2738 propositum,
1032 2690 1062 2723 o
1085 2675 1328 2739 monitor,
1350 2675 1482 2724 hene
1512 2682 1611 2725 est.

613 2749 731 2812 Hic,
763 2749 941 2813 inquis,
973 2751 1079 2813 ξω]
1150 2749 1280 2801 Haec
1305 2751 1384 2800 vel
1408 2758 1500 2800 tua
1529 2750 1612 2800 vel

543 2824 771 2875 Neronis
818 2826 1045 2876 carmina
1100 2827 1313 2878 satirica
1366 2827 1613 2877 libertate

545 2901 726 2950 violari
750 2903 991 2964 prohibes
1012 2921 1026 2962 3
1062 2904 1128 2954 ab
1151 2904 1226 2953 his
1251 2904 1612 2954 abstinendum

542 2974 735 3040 inquis,
753 2982 812 3025 ut
835 2992 866 3025 a
885 2993 1028 3026 sacro
1049 2979 1162 3029 loco
1185 2979 1574 3044 conspurcando
1596 2995 1609 3028 :

544 3063 673 3113 ergo
709 3057 768 3098 ut
803 3052 1096 3101 sanctitatis
1119 3068 1292 3102 eorum
1318 3055 1613 3116 admonear,

544 3138 610 3173 ne
651 3138 712 3173 ea
748 3139 962 3188 carpere
997 3128 1116 3174 mihi
1152 3126 1290 3176 forte
1326 3129 1612 3192 contingat,

543 3212 747 3263 appone
769 3207 918 3249 notas
941 3202 1156 3264 aliquas,
1177 3203 1608 3267 quemadmodum

545 3272 598 3322 in
634 3273 762 3324 locis
796 3276 956 3324 sacris
978 3277 1189 3340 appingi
1225 3279 1395 3327 solent
1429 3278 1609 3328 draco-

543 3365 636 3403 nes
657 3361 713 3403 et
736 3361 1025 3417 serpentes,
1062 3356 1168 3404 sive
1210 3363 1269 3406 ut
1298 3356 1492 3407 Genios
1532 3373 1610 3406 sa-

543 3441 660 3480 cros
702 3445 762 3479 ac
812 3431 954 3481 Deos
997 3431 1267 3482 Tutelares
1308 3432 1609 3498 exhibeant,

543 3508 652 3556 sive
692 3514 748 3556 ut
788 3507 1032 3558 terribilis
1071 3509 1155 3558 illa
1194 3507 1395 3574 species
1434 3516 1611 3559 arceat

543 3581 802 3646 profanos.

613 3661 705 3707 118
742 3660 897 3720 Pinge
918 3661 1034 3709 duos
1054 3661 1252 3724 angues]
1301 3661 1451 3713 Quod
1478 3660 1608 3709 anti-

544 3732 632 3802 qui
656 3734 751 3782 suh
785 3736 959 3799 specie
992 3735 1272 3785 draconum
1307 3745 1361 3785 et
1397 3750 1608 3799 serpen-

544 3814 654 3856 tum
696 3809 950 3858 coluerint
972 3812 1115 3860 Deos
1150 3819 1206 3862 et
1240 3814 1465 3861 locorum
1504 3812 1608 3861 Ge·

542 3883 652 3934 nios
674 3891 871 3933 constat
895 3899 960 3933 ex
983 3887 1255 3937 Herodoto
1295 3889 1330 3937 l.
1353 3901 1479 3938 vm.
1515 3887 1606 3937 ubi

545 3959 611 4009 de
637 3973 804 4023 angue
845 3959 990 4009 Arcis
1015 3962 1335 4012 Athenarum
1370 3963 1606 4025 custode,

544 4037 768 4101 Deoque
787 4033 1022 4085 'nitelari
1059 4038 1219 4088 verba
1251 4037 1398 4089 facit.
1465 4040 1602 4089 Item

543 4111 638 4161 lib.
661 4124 723 4161 n.
761 4112 836 4162 ait
874 4111 1016 4162 circa
1046 4113 1247 4164 Thebas
1284 4129 1459 4164 sacros
1490 4127 1605 4165 esse

539 4197 834 4252 serpentes,
867 4189 957 4254 qui
993 4189 1184 4242 mortui
1219 4189 1273 4240 in
1310 4191 1457 4242 Jovis
1491 4191 1604 4243 aede

1692 1537 2028 1601 sepeliantur.
2099 1537 2240 1586 Nota
2270 1536 2425 1584 etiam
2448 1539 2529 1582 est
2544 1530 2760 1581 historia

1691 1615 1761 1664 de
1793 1622 2035 1678 serpente
2078 1611 2358 1676 Epidaurio
2397 1610 2617 1659 devecto
2651 1608 2757 1658 Ro-

1692 1705 1846 1751 mam,
1866 1697 1922 1739 et
1940 1696 2206 1739 exstructa
2224 1686 2335 1736 aede
2359 1687 2504 1736 culto
2525 1683 2633 1733 illic
2656 1697 2758 1747 pro

1691 1765 2009 1830 AEsculapio,
2038 1765 2104 1814 de
2129 1779 2229 1829 quo
2253 1763 2366 1827 lege
2396 1761 2506 1811 Tit.
2526 1758 2641 1809 Liv.
2665 1758 2760 1809 lib.

1693 1853 1752 1891 x.
1798 1841 2025 1901 Florum,
2064 1839 2152 1889 lib.
2194 1852 2274 1890 11.
2356 1836 2662 1887 Pausaniam
2702 1834 2759 1883 iu

1693 1915 2071 1966 Corinthiacis:
2107 1924 2164 1964 et
2184 1913 2328 1964 alios.
2392 1911 2639 1977 Virgilius
2668 1924 2761 1960 au·

1695 1999 1800 2042 tem
1821 1990 2024 2042 AEueid.
2051 1994 2209 2044 v282.
2250 1996 2516 2053 postquam
2552 2001 2620 2035 ex
2652 1985 2767 2036 An-

1692 2068 1847 2118 chisae
1871 2068 2067 2117 tumulo
2090 2079 2306 2130 anguem
2330 2065 2518 2113 exiisse
2557 2063 2765 2126 retulit,

1690 2144 1953 2206 subjungit
1997 2142 2062 2191 de
2109 2141 2289 2204 AEuea,
2328 2139 2605 2189 ‘Incertus
2650 2138 2765 2191 Ge‘

1692 2221 1899 2268 niumne
1924 2219 2023 2268 loci
2042 2216 2354 2267 famulumne
2377 2215 2607 2280 parentis
2626 2215 2761 2265 Esse

1693 2295 1877 2358 putet!
1946 2293 2257 2360 Propertius
2279 2293 2427 2355 Eleg.
2450 2305 2526 2341 xv.
2554 2295 2602 2341 8.
2622 2291 2640 2318 ‘
2659 2291 2761 2341 La·

1693 2370 1903 2418 nuvium
1926 2370 2103 2418 annosi
2124 2377 2275 2417 vetus
2315 2378 2394 2417 est
2427 2368 2592 2417 tutela
2621 2366 2764 2415 Dra-

1692 2446 1870 2496 conis!
1962 2445 2101 2494 Hinc
2137 2460 2260 2508 ergo
2300 2451 2381 2493 est
2419 2442 2557 2507 quod
2598 2441 2763 2491 sacris

1693 2523 1826 2572 locis
1869 2524 2166 2572 Dracouum
2205 2521 2381 2584 fignrae
2421 2518 2765 2582 appingeren·

1694 2605 1796 2660 tur,
1817 2603 1877 2646 ut
1896 2604 2075 2645 auctor
2097 2602 2181 2645 est
2213 2593 2487 2644 Turnebus
2521 2605 2650 2642 xm.
2676 2597 2759 2642 12.

1694 2681 1747 2724 et
1769 2685 1885 2723 xiv.
1908 2677 1956 2721 4.
1996 2672 2087 2721 ubi
2124 2678 2180 2721 et
2217 2672 2386 2720 locum
2421 2670 2556 2720 huuc
2587 2669 2762 2720 Persii

1695 2747 1864 2800 affert.
1931 2747 2038 2798 Cur
2056 2748 2276 2812 denique
2314 2748 2409 2798 sub
2445 2748 2623 2811 specie
2652 2761 2761 2796 ser·

1693 2836 1911 2892 pentum
1963 2827 2127 2891 atque‘
2175 2825 2471 2886 draconum,
2525 2825 2761 2874 locorum

1696 2903 1909 2962 Genios,
1950 2901 2228 3023 ιΫεοι,
2275 2899 2580 2964 Heroasque
2620 2900 2761 2950 cole-

1695 2984 1831 3040 rent,
1850 2978 2006 3040 pinge
2036 2985 2245 3040 entque,
2280 2976 2515 3025 Macrob.
2545 2976 2759 3029 Saturn.

1690 3066 1730 3102 1.
1754 3056 1834 3101 20.
1857 3053 2105 3101 rationem
2127 3050 2330 3099 videtur
2350 3043 2622 3115 attingere,
2638 3049 2759 3102 cnm

1688 3128 1781 3189 alt,
1813 3126 1931 3175 ideo
1953 3126 2143 3175 Salutis
2166 3132 2221 3175 et
2242 3125 2521 3189 AEsculapii
2555 3128 2761 3177 simula-

1688 3203 1790 3252 cris
1822 3202 2031 3267 appingi
2070 3202 2353 3252 draconum
2389 3200 2600 3267 figuras,
2636 3204 2761 3269 quia

1687 3288 1941 3343 praestant
1978 3286 2036 3329 ut
2076 3278 2292 3329 humana
2339 3293 2575 3343 corpora,
2613 3281 2759 3331 velut

1687 3356 2001 3406 infirmitatis
2025 3356 2162 3420 pelle
2184 3355 2440 3419 deposita,
2481 3356 2548 3404 ad
2587 3357 2760 3422 pristi-

1687 3445 1807 3481 num
1832 3431 2148 3481 revirescant
2181 3431 2432 3496 vigorem,
2455 3432 2591 3482 sicut
2625 3432 2760 3482 revi-

1687 3514 1899 3556 rescunt
1917 3505 2168 3555 dracones
2195 3521 2292 3570 per
2321 3521 2478 3556 annos
2512 3507 2760 3574 singulos,

1686 3583 1822 3645 pelle
1858 3581 2141 3631 senectutis
2181 3591 2357 3634 exuta.
2441 3584 2595 3633 Unde
2635 3598 2758 3634 con-

1688 3657 1898 3706 cludere
1941 3653 2100 3718 licet;
2158 3665 2445 3722 serpentes,
2498 3672 2561 3707 eo
2616 3659 2755 3723 quod

1686 3731 1849 3781 veluti
1872 3732 2142 3796 quotannis
2167 3733 2534 3799 juvenescunt,
2553 3736 2761 3785 immor·

1688 3810 1944 3860 talitatem
1988 3810 2121 3859 bene
2165 3809 2471 3874 significare,
2511 3811 2651 3861 Deos
2695 3819 2755 3864 et

1688 3885 1891 3934 Heroas
1913 3884 2109 3948 optime
2131 3884 2417 3950 designare,
2437 3899 2497 3935 ac
2518 3894 2754 3951 propter·

1686 3974 1750 4009 ea
1783 3960 1908 4010 locis
1946 3960 2105 4010 sacris
2143 3960 2374 4023 appingi.
2441 3961 2753 4013 Plutarchus

1685 4037 1835 4087 aliam
1859 4034 2013 4087 affert
2032 4047 2261 4098 causam,
2283 4036 2375 4084 sed
2399 4051 2514 4087 meo
2547 4038 2750 4102 judicio

1683 4114 1832 4162 valde
1855 4112 2073 4174 futilem,
2108 4111 2160 4162 in
2199 4111 2322 4161 Vita
2358 4113 2646 4164 Cleomenis
2681 4116 2748 4166 ad

1682 4188 1856 4256 finem,
1877 4189 1966 4242 ubi
1986 4195 2167 4240 narrat
2188 4187 2280 4238 fixi
2312 4187 2368 4239 in
2407 4201 2565 4240 cruce
2598 4191 2750 4243 cneo:
