2992 4859
388 374 564 443 1256
1064 390 1452 442 necessus
1503 394 1931 443 smrtonuu

471 543 654 609 Inter
685 544 1009 626 Belgica&
1046 542 1193 608 Alle
1223 545 1303 607 de
1335 546 1637 626 Schimp-
1653 545 1933 608 Dichton
1976 563 2108 610 van
2155 546 2245 609 D.
2298 545 2368 609 J.
2415 545 2583 612 Juv.

386 665 467 711 en
494 644 579 711 A.
618 645 911 724 Pet-sim,
950 647 1115 710 door
1145 646 1508 729 verschyde
1545 647 1856 709 Dichters
1886 649 2157 731 berymt.

474 748 803 812 Observat
833 746 1222 830 RupertiuS,
1270 753 1289 780 ‘
1323 749 1600 830 Belgico
1648 750 1849 812 etiam
1892 751 2177 812 carmine
2232 768 2591 832 expressas

389 851 667 937 primum
705 851 997 928 singulas
1027 850 1072 914 J
1080 852 1374 915 uvenalis
1404 854 1667 927 satiraS,
1722 851 1962 914 deinde
2012 871 2238 914 omnes
2293 852 2592 915 Harlem.

384 954 579 1019 1709.
627 954 779 1016 Svo.
833 952 1092 1016 edidere
1146 952 1410 1016 sodales
1454 954 1760 1017 literariae
1816 953 2170 1017 Societatis
2224 951 2593 1018 Amstelod.
2651 1021 2666 1034 ‚

356 1136 361 1140 ζ
388 1056 493 1120 cui
528 1056 930 1137 symbolum,
968 1052 1085 1116 Ne!
1112 1054 1452 1118 volentibus
1481 1054 1790 1118 arduum?
1863 1054 1957 1118 At
1984 1058 2040 1118 si
2073 1055 2405 1137 Rupertio
2433 1056 2591 1120 edit.

372 1157 521 1241 fiam
553 1166 850 1220 notatam
900 1177 1085 1220 mens
1110 1162 1288 1220 esset
1330 1157 1643 1234 indicare,
1674 1176 1801 1220 non
1833 1158 1995 1219 satis
2033 1165 2207 1221 recte
2252 1158 2594 1222 indicavit.

389 1258 588 1323 Forte
616 1261 877 1323 fortuna
898 1279 1100 1341 penes
1128 1279 1248 1323 nos
1278 1267 1405 1335 est,
1435 1264 1503 1323 et
1531 1277 1708 1322 nunc
1739 1260 1864 1322 sub
1894 1260 2276 1335 manibu5‚¹²
2305 1265 2371 1321 et
2395 1257 2597 1324 habet

386 1360 696 1426 Persium
725 1382 873 1425 cum
897 1359 939 1424 J
947 1362 1223 1424 uvenale
1252 1362 1699 1445 conjunctum,
1717 1367 1795 1425 ut
1823 1362 1891 1423 in
1921 1362 2016 1424 tit.
2062 1366 2129 1424 et
2149 1379 2295 1423 mos
2321 1366 2424 1424 est
2450 1360 2595 1423 Ru-

386 1466 580 1548 pertii
610 1465 727 1527 ubi
758 1464 956 1528 ambo
984 1465 1053 1526 in
1070 1464 1301 1528 eadem
1320 1463 1610 1527 editione
1630 1464 2104 1546 exprimuntur,
2128 1482 2243 1525 eos
2269 1463 2337 1526 in
2360 1462 2595 1526 eadem

385 1566 720 1629 notatione
751 1565 1134 1629 describere.
1224 1565 1576 1643 Praeterea,
1606 1564 1770 1629 nihil
1817 1565 1926 1628 hic
1978 1563 2267 1647 symboli
2307 1569 2428 1639 est,
2476 1559 2601 1625 Nil
2661 1621 2676 1630 -

384 1664 732 1729 volentibus
778 1666 1089 1745 arduum,
1115 1668 1183 1730 ni
1213 1667 1417 1733 velles
1451 1668 1731 1750 Belgici,
1777 1670 1798 1700 ‘
1824 1665 1991 1750 Myn
2044 1666 2187 1747 glas
2234 1667 2411 1730 loost
2440 1663 2594 1730 ras?

475 1768 674 1833 Liber
724 1769 943 1853 quoad
989 1777 1188 1854 typos
1234 1775 1303 1833 et
1351 1770 1647 1834 tabulam
1698 1788 1952 1834 aeneam
1998 1770 2200 1834 fronti
2239 1768 2593 1853 praefixam

386 1871 594 1936 nitide
623 1879 729 1936 est
751 1891 1132 1957 expressus.
1224 1871 1660 1956 subjungitur
1689 1871 1894 1936 Praef.
1926 1870 2207 1935 Librarii
2238 1870 2325 1934 ad
2354 1869 2598 1934 Lecto-

387 1992 563 2039 rem:
616 1973 918 2059 Epistola
966 1975 1165 2039 etiam
1195 1976 1385 2038 unius
1413 1993 1500 2038 ex
1527 1973 1992 2056 interpretibus
2020 1972 2104 2036 de
2134 1973 2350 2037 Satira
2376 1979 2443 2037 et
2472 1971 2598 2037 Sa-

385 2076 621 2154 tiricis,
674 2084 741 2142 et
787 2077 1152 2161 explicatio
1200 2076 1471 2161 poetica
1507 2095 1716 2141 aeneae
1745 2076 1995 2140 tabulae
2037 2075 2234 2139 fronti
2272 2073 2594 2158 praefixae.

388 2175 572 2241 Hinc
602 2183 668 2241 et
713 2176 889 2257 inde,
921 2178 1041 2242 sed
1070 2178 1425 2256 rarissime,
1455 2178 1706 2243 notulae
1753 2182 2186 2260 sparguntu13
2237 2178 2304 2240 in
2333 2176 2596 2242 duobus

385 2279 497 2344 vel
524 2279 735 2344 tribus
787 2280 1024 2345 Satiris
1070 2280 1433 2345 abundant:
1495 2279 1797 2345 similiter
1851 2278 1984 2342 fere
2013 2279 2231 2364 quoad
2285 2278 2594 2343 Persium

386 2377 738 2444 dicendum
785 2383 893 2447 sit.
995 2380 1096 2445 Te
1154 2381 1473 2447 Haerlem
1526 2382 1618 2466 by
1662 2380 1776 2446 W.
1826 2380 1983 2448 Van
2046 2381 2312 2461 Kessel,
2369 2381 2594 2447 Boek-

391 2480 783 2565 verkooper,
821 2483 1014 2549 1709.

398 2627 409 2638 -
474 2581 716 2647 Addas
742 2583 906 2650 Juv.
936 2585 1074 2652 Sat.
1104 2586 1256 2653 Svo.
1286 2587 1531 2655 Berlin.
1564 2588 1756 2654 1750.
1792 2593 1857 2653 et
1884 2587 2074 2653 Gott.
2103 2588 2322 2654 12mo.
2352 2586 2550 2654 1769.

472 2683 840 2770 Rupertius
866 2687 1106 2753 desinit
1131 2709 1195 2754 a.
1226 2689 1420 2755 1785.
1448 2688 1710 2775 (quoad
1737 2691 1972 2755 saltem
1995 2688 2219 2774 editt.)
2235 2690 2385 2775 jure
2413 2710 2595 2755 sum-

386 2806 500 2852 mo
540 2788 971 2874 Bipontinem
1019 2790 1399 2870 editionem,
1445 2809 1527 2856 eo
1571 2796 1868 2876 tempore
1909 2791 2272 2873 vulgatam,
2315 2792 2595 2857 multum

387 2890 878 2957 commendans.
930 2889 1249 2958 Recensu‘
1265 2892 1463 2975 igitur
1492 2893 1637 2977 ejus
1665 2892 1852 2958 finito
1878 2893 2269 2957 recentiores
2297 2892 2598 2959 indicare

386 2992 744 3075 pergimus,
771 2993 891 3057 sed
913 3013 1110 3077 quam
1131 2996 1543 3061 brevissime.
1612 2995 1763 3060 Nec
1787 2994 2058 3080 quidem
2079 3000 2300 3078 petent
2324 2996 2596 3078 longum

384 3083 750 3172 recensum,
799 3095 859 3160 si
903 3094 1220 3162 Lectores
1253 3098 1760 3180 recognoverint
1795 3095 2189 3161 Iuvenalem
2233 3097 2599 3164 obtinuisse
2659 3121 2671 3130 ·

387 3187 507 3277 per
556 3195 876 3260 saeculum
938 3203 1256 3264 octavum
1310 3217 1529 3282 usque
1579 3197 1666 3263 ad
1715 3217 2017 3283 praesens
2067 3203 2331 3282 tempus
2375 3197 2596 3265 nullos

384 3294 797 3379 interpreteS,
820 3316 939 3362 eos
956 3299 1101 3383 jam
1122 3299 1498 3384 descriptos
1531 3302 1590 3365 si
1613 3300 1860 3379 demas,
1881 3304 1950 3364 et
1972 3319 2175 3365 unum
2196 3300 2594 3381 Parisinum,

384 3397 511 3461 nisi
548 3392 773 3463 forsan
815 3400 980 3466 tales
1009 3402 1125 3484 qui
1172 3401 1358 3468 editt.
1405 3402 1721 3488 repetitas
1762 3403 2174 3482 navaverint,
2204 3403 2313 3469 vel
2358 3404 2478 3487 qui
2523 3405 2597 3468 in

385 3495 830 3565 Vei-sionibus
873 3520 1018 3568 sese
1075 3506 1513 3572 exercuerint.
1515 3505 1736 3570 -Sed
1790 3511 1983 3571 notas
2043 3509 2300 3570 nostras
2355 3507 2597 3636 breves

379 3598 529 3684 jam
556 3601 644 3666 ad
671 3601 988 3670 Lectores
1016 3607 1432 3690 proferimus.
2599 3653 2608 3658 -

471 3700 636 3770 Juv.
695 3703 1012 3792 Satyren3
1071 3707 1491 3778 Kaumsser.
1547 3709 1700 3777 8vo.
1752 3643 2415 3776 Francofurt.1790.
2504 3707 2595 3775 Et

1379 3858 1602 3911 NOTA-2

453 3953 517 4001 12
547 3949 697 4001 Inter
712 3951 929 4004 rariores
944 3952 1166 4006 fortasse
1188 3956 1447 4007 videatur.
1528 3956 1619 4005 tal.
1645 3959 1789 4006 1819.
1813 3960 1869 4005 et
1890 3953 2306 4005 Cetal.'l'reuttel
2320 3957 2375 4003 et
2390 3952 2592 4004 Wiirtz.

386 4027 543 4080 Aliud
564 4033 859 4097 exemplare
874 4047 977 4084 non
998 4049 1065 4085 ex
1088 4035 1326 4087 biblioth.
1348 4050 1447 4086 nec
1530 4030 1716 4084 Refert
1734 4031 2020 4097 Rupertius
2039 4030 2106 4080 ad
2127 4029 2350 4081 Booksal
2373 4042 2469 4078 van
2488 4031 2593 4079 Eu-

385 4105 633 4169 catalogis
672 4107 1006 4172 collegimus:
1058 4110 1165 4162 vid.
1196 4110 1447 4164 Bibuoth.
1466 4163 1479 4174 ,
1527 4125 1674 4176 rope,
1695 4114 1841 4162 1695.
1870 4114 1927 4160 et
1952 4108 2019 4158 td
2043 4109 2217 4173 elium,
2239 4121 2365 4174 quos
2387 4121 2489 4157 non
2516 4107 2592 4157 vi-

268 4211 281 4222 .
387 4181 564 4247 Fagel.
609 4183 858 4235 Biblioth.
899 4184 1060 4238 Anet.
1104 4186 1447 4239 classicorum
1527 4189 1723 4250 dimon
1763 4186 1857 4239 sed
1875 4192 2156 4252 utcumque
2180 4186 2291 4237 haec
2311 4185 2602 4268 sinautem·-

389 4256 486 4309 Gr.
505 4261 563 4310 et
578 4257 696 4314 Lat.
710 4259 901 4328 Behte,
924 4264 1071 4317 181⁷.
1092 4261 1324 4328 ejusdem
1347 4263 1446 4316 Ca·
1528 4267 1603 4321 tio
1621 4262 1862 4333 Rupertii
1883 4261 2083 4316 deficit.
