2992 4859
1220 323 1499 373 sarum
1548 325 1614 371 V.

301 468 350 534 J
353 487 462 535 am
493 475 644 536 cras
668 467 1048 554 hesternum
1074 467 1563 548 oonsmnsimns

303 570 533 654 Egerit
557 572 683 635 hos
710 590 940 649 annos»,
970 577 1038 635 et
1062 590 1323 653 semper
1348 570 1625 658 paulum
1650 571 1778 635 erit
1802 572 1996 638 ultra.

302 672 486 737 Nam
515 674 822 756 quamvis
848 692 1056 757 prope
1083 679 1171 750 te,
1198 674 1502 755 quamvis
1545 680 1805 739 temone
1834 676 1956 740 sub
1986 696 2117 740 uno

304 773 682 840 vertentem
711 779 879 852 sese,
906 774 1151 839 frustra
1180 775 1513 838 sectabere
1543 774 1881 855 canthum,

2385 307 2517 381 1272

1585 486 1625 531 :2
1648 486 1813 536 ecce
1838 467 2202 538 aliud-cras

305 876 478 943 Cum
507 882 655 942 rota
681 879 1006 963 posterior
1033 897 1278 956 curraS,
1310 884 1377 942 et
1402 877 1473 940 in
1503 897 1632 942 axe
1659 878 1974 943 secundo.

305 1109 457 1160 vim
475 1125 580 1160 cm
599 1111 829 1160 Ιιιαεπιᾱ
863 1110 1002 1170 ἀίεις
1032 1125 1090 1160 en
1112 1111 1243 1160 ali-d
1262 1125 1368 1160 cm
1383 1110 1627 1174 protrudit
1661 1110 1745 1160 1·oe
1774 1125 1937 1170 annos,
1967 1114 2018 1159 et
2036 1111 2517 1174 aliquantulum-Med

300 1176 407 1224 rius
424 1174 640 1224 continuo
660 1176 772 1225 erit.
835 1176 910 1225 Tu
928 1176 1052 1226 enim

1072 1167 1266 1239 quando
1277 1176 1421 1224 velut
1458 1180 1567 1223 rota

1584 1176 1831 1237 posterior,
1851 1180 1898 1223 et
1918 1176 1971 1223 ιἰι
1989 1177 2140 1224 altero
2158 1193 2251 1226 axe
2279 1186 2514 1234 couverte-

300 1241 389 1304 ris,
405 1240 636 1291 ineam
657 1247 828 1289 tamen
839 1241 1131 1304 prosequeris
1143 1239 1291 1289 orbile
1309 1240 1419 1290 licet
1440 1239 1533 1288 tibi
1561 1239 1847 1303 proximus,
1876 1245 1931 1288 et
1953 1240 2062 1288 lieet
2094 1242 2285 1292 votvm
2314 1258 2414 1301 sese
2430 1245 2515 1294 aab

1303 1401 1523 1452 NOTAE

303 1530 479 1591 hume,
528 1529 732 1594 quando
779 1530 951 1580 venit?
1015 1530 1182 1586 Quam
1217 1530 1372 1594 longe

304 1620 417 1658 cras
454 1606 592 1655 istud
636 1606 723 1656 ubi
769 1614 870 1669 est,
906 1613 998 1658 aut
1031 1607 1167 1660 uude
1196 1614 1374 1671 peten-

306 1682 463 1732 dum?
513 1682 800 1746 Numquid,
839 1684 1138 1733 &cm—Cras
1188 1684 1370 1732 vives:

303 1757 457 1808 hodie
488 1758 598 1822 jam
644 1758 837 1820 vivere,
874 1759 1175 1818 Posthume,
1199 1773 1371 1808 serum

304 1840 403 1884 est.
473 1834 571 1883 Ille
616 1836 750 1899 sapit
781 1835 1033 1900 quisquis,
1070 1835 1373 1900 Postume,

307 1913 439 1963 vixit
461 1912 612 1962 heri!

375 1986 548 2045 Quid?
587 1990 722 2054 quasi
767 2005 1008 2052 magnum,
1046 1992 1229 2055 Nempe
1249 1992 1375 2051 diem

306 2065 476 2130 donas]
509 2066 737 2130 Repouit
762 2065 977 2130 ignavus
1007 2067 1236 2130 juvenis,
1265 2075 1374 2122 tan,-

306 2142 416 2192 tine
434 2149 517 2190 est
540 2143 622 2192 vel
642 2158 796 2191 unam
814 2141 1027 2193 differre
1041 2144 1197 2208 diem,
1221 2159 1375 2210 quam

307 2224 364 2268 et
386 2217 563 2282 largiri
583 2217 824 2268 dubitas?

370 2299 435 2344 67
470 2295 569 2344 Sed
586 2311 690 2344 cum
709 2296 794 2343 lux
811 2295 966 2345 ultera
1001 2296 1153 2360 venit]
1196 2295 1379 2360 Immo,

308 2370 481 2435 inquit
496 2370 728 2432 Persius,
747 2386 847 2422 nec
866 2387 967 2421 nna
985 2372 1071 2423 die
1093 2371 1301 2423 differre
1323 2381 1376 2423 te

307 2448 444 2498 volo.
511 2449 600 2498 Sin
620 2456 791 2499 autem
811 2451 1088 2502 crastinum
1108 2460 1375 2517 expectas,

305 2525 435 2575 nihil
456 2526 663 2575 omnino
688 2524 882 2589 facies3
920 2534 977 2578 et
1006 2529 1203 2592 pariter
1225 2528 1374 2578 diffe-

308 2602 492 2667 rendo,
534 2602 647 2652 dies
681 2603 851 2654 altera
883 2611 1154 2654 consumta
1190 2604 1291 2655 erit
1311 2619 1374 2654 ac

311 2680 535 2745 perdita.

374 2760 441 2806 69
476 2757 652 2819 Egerit
692 2756 774 2804 hos
827 2756 993 2820 annos]
1071 2757 1263 2819 Egerit,
1310 2756 1377 2810 ab

311 2847 517 2896 egerere,
539 2847 639 2880 non
664 2829 878 2893 uhogo.-
919 2831 973 2892 id
1014 2838 1111 2892 est,
1146 2831 1380 2894 expellit,

314 2908 526 2958 emittit.
560 2907 750 2955 Sensus
772 2914 870 2968 est,
893 2921 996 2955 nna
1016 2905 1128 2980 dies
1151 2905 1380 2981 integros

310 2999 471 3034 annos
489 2983 648 3032 trahit
667 2982 1112 3045 procrastinando,
1126 2983 1381 3047 exhaurit,

313 3058 556 3110 absumit.
625 3057 813 3108 Horat.
838 3059 942 3109 Od.
979 3071 1042 3108 ιι.
1066 3062 1147 3109 18.
1211 3051 1382 3108 ‘'Tru-

311 3138 457 3188 ditur
477 3138 589 3186 dies
613 3136 718 3198 die,
748 3136 1018 3202 Novaeque
1056 3143 1281 3204 pergunt
1304 3138 1380 3187 in-

316 3214 476 3265 terire
495 3213 689 3263 Lunae?

380 3293 452 3341 Et
472 3305 654 3355 semper
692 3292 886 3352 paulum
940 3291 1034 3339 erit
1071 3289 1222 3353 ultra]
1265 3290 1382 3339 Erit

315 3382 520 3431 semper
543 3366 804 3432 paululum
825 3366 1072 3429 temporis
1104 3367 1240 3416 ultra
1255 3366 1383 3415 illud

315 3443 616 3512 crastinum,
662 3441 798 3506 quod
858 3441 1055 3506 petisti.
1123 3442 1385 3494 Quocirca

318 3533 588 3571 consumes
605 3524 813 3567 aetatem
833 3517 1021 3588 sensim
1040 3507 1381 3580 senescendo:

314 3595 528 3660 singulis
565 3593 748 3644 diebus
790 3594 992 3658 rogabis
1039 3587 1204 3645 adhuc
1232 3608 1386 3645 unam

314 3671 456 3722 diem
473 3670 728 3742 duntpxat
739 3671 880 3722 velut
901 3671 1094 3737 aliquid
1128 3687 1230 3722 non
1246 3687 1387 3736 mag·

318 3764 442 3798 num
487 3747 583 3796 tibi
625 3747 843 3810 donari·
829 3783 844 3807 ,
880 3747 954 3798 sic
989 3763 1249 3814 nunquam
1287 3747 1384 3804 dif-

317 3823 454 3874 ferre
479 3823 706 3885 desines,
731 3823 895 3872 donec
923 3838 1196 3887 oppressus
1220 3824 1386 3884 annis,

318 3901 486 3963 senio,
510 3900 793 3961 doloribus,
823 3915 936 3949 cum
957 3900 1249 3964 Phrygibus
1272 3913 1386 3948 sero

322 3976 546 4040 sapiens,
568 3990 655 4024 eas
669 3989 843 4025 omnes
855 3976 1084 4024 miserias
1099 3978 1388 4039 experiere,

325 4067 452 4118 quas
477 4052 718 4116 praedixi,
753 4058 807 4102 et
840 4057 950 4102 tunc
969 4068 1147 4102 crassos
1168 4053 1389 4102 transisse

322 4130 422 4180 dies
441 4126 636 4177 frustra
656 4129 878 4192 dolebis,
897 4133 995 4178 &c.

387 4208 454 4256 70
488 4205 621 4257 Nom
639 4206 853 4272 quamvis
868 4221 1014 4272 prope
1033 4211 1100 4272 te,
1132 4206 1240 4272 qa]
1273 4204 1390 4256 Pri-

1454 1542 1597 1585 orem
1636 1529 1951 1586 sententiam
1988 1530 2201 1582 Persius
2249 1531 2521 1592 confirmat

1451 1620 1484 1655 a
1500 1605 1652 1656 simili
1669 1623 1684 1667 ;
1708 1607 1852 1672 quasi
1871 1607 2098 1658 diceret:
2129 1609 2306 1672 aspice
2329 1610 2381 1658 in
2403 1624 2517 1661 cur-

1455 1697 1517 1733 ru
1539 1696 1633 1732 seu
1664 1683 1826 1740 rheda
1864 1683 2008 1735 binos
2041 1699 2165 1733 axes
2202 1686 2291 1734 nni
2327 1693 2519 1745 temoni

1454 1773 1702 1821 annexos,
1726 1759 1910 1822 quibus
1932 1773 2038 1808 suae
2061 1765 2189 1809 rotae
2215 1761 2518 1810 circumvol-

1456 1841 1678 1884 vuntur:
1713 1850 1889 1899 quaero
1929 1842 2101 1884 utrum
2132 1843 2248 1886 rota
2268 1839 2522 1900 posterio-

1456 1912 1526 1961 ris
1549 1910 1659 1960 axis
1683 1918 1738 1961 et
1751 1910 1947 1961 ordinis
1967 1913 2227 1976 attingere
2241 1913 2521 1978 aliquando

1456 1989 1626 2053 possit
1664 1997 1828 2039 rotam
1872 1990 1983 2040 axis
2027 1991 2246 2055 prioris?
2305 1992 2521 2044 Minime

1456 2072 1617 2116 certe.
1684 2065 1768 2116 Ita
1787 2080 1996 2129 prorsus
2015 2066 2130 2116 dies
2154 2067 2402 2117 hodierna
2417 2081 2519 2116 non

1453 2149 1760 2207 assequetur
1800 2157 2024 2207 unquam
2057 2144 2338 2193 crastinum
2376 2144 2524 2208 illud,

1457 2233 1559 2283 quo
1580 2226 1633 2271 te
1657 2232 1840 2283 sapere
1866 2219 1997 2269 velle
2017 2220 2241 2283 spondes
2261 2227 2318 2272 et
2339 2221 2525 2286 praedi-

1457 2309 1566 2348 088.

1527 2371 1683 2436 Prope
1696 2370 1768 2435 te]
1810 2372 1939 2436 Dies
1962 2371 2096 2422 enim
2118 2372 2370 2424 hodierna
2382 2388 2521 2423 cras-

1457 2446 1583 2497 tinae
1604 2446 1884 2510 conjuncta
1906 2455 2005 2498 cst.

1523 2525 1719 2574 Temone
1739 2526 1824 2575 sub
1842 2526 1959 2594 uno]
2010 2528 2198 2580 Totum
2231 2528 2351 2578 vitm
2397 2533 2524 2577 tem-

1456 2616 1553 2665 pus
1570 2600 1751 2649 diebus
1768 2602 2027 2652 continuis
2039 2603 2522 2666 comprehenditur:

1455 2676 1609 2739 hodie
1623 2683 1678 2732 et
1695 2691 1810 2726 cras
1835 2679 2033 2741 pariter
2048 2693 2104 2728 se
2120 2687 2525 2742 consequuntur,

1460 2758 1516 2801 et
1540 2752 1625 2800 uni
1649 2751 1766 2800 vitae
1799 2752 1969 2815 spatio
2000 2760 2367 2816 annectuntur,
2389 2754 2527 2805 sicut

1462 2826 1659 2880 temoni
1680 2827 1790 2880 axis
1815 2827 1958 2892 prior
1974 2835 2029 2877 et
2042 2827 2316 2891 posterior.

1531 2902 1749 2966 Temese]
1787 2903 1924 2954 Temo
1963 2911 2046 2954 est
2078 2904 2267 2967 lignum
2299 2903 2422 2954 iilud
2440 2904 2530 2954 ob·

1459 2982 1668 3043 longum
1711 2980 1765 3029 iu
1806 2994 1977 3044 curru,
2016 2979 2165 3044 cujus
2210 2979 2530 3032 extremitati

1453 3059 1638 3123 jugum
1665 3059 1923 3122 alligatur.

1527 3144 1587 3189 71
1628 3139 1893 3201 Canthum]
1927 3138 2163 3189 Cir-culus
2194 3144 2276 3188 est
2310 3136 2529 3201 ferreus,

1462 3229 1564 3280 quo
1581 3220 1712 3264 rotae
1726 3214 1891 3263 orbile
1904 3229 1995 3264 seu
2009 3223 2286 3265 curvatura
2301 3215 2531 3280 cingitur

1461 3306 1524 3341 ac
1567 3291 1815 3356 munitur,
1860 3296 1916 3340 et
1960 3307 2061 3355 qno
2098 3299 2211 3342 tota
2250 3304 2529 3356 compages

1462 3368 1850 3430 constringitur.
1892 3369 2009 3417 Vox
2035 3370 2305 3431 peregrina
2325 3375 2380 3418 et
2403 3368 2533 3417 Bar-

1461 3444 1607 3507 bara,
1637 3458 1728 3492 seu
1768 3441 1900 3492 Afra
1922 3458 2012 3491 seu
2037 3443 2291 3506 Hispana,
2318 3456 2419 3506 qua
2461 3447 2536 3490 ta-

1464 3534 1584 3569 men
1629 3518 1774 3568 velut
1828 3524 2045 3581 recepta
2079 3518 2129 3566 in
2176 3519 2325 3567 Latio
2369 3518 2533 3568 utitur

1467 3594 1699 3656 Persius,
1754 3600 1814 3643 ut
1860 3594 2106 3643 observat
2146 3595 2367 3647 Quintil.
2408 3608 2448 3645 1.
2485 3600 2536 3644 5.

1468 3672 1707 3742 Ponitur·
1725 3671 1807 3720 hic
1830 3686 1926 3736 pro
1969 3679 2103 3736 rota,
2150 3686 2244 3735 per
2284 3673 2535 3736 synecdo-

1468 3750 1617 3800 chen.
1656 3747 1741 3797 Sic
1765 3755 1822 3798 et
1841 3747 2072 3812 Martini.
2100 3749 2253 3813 Epig.
2281 3762 2399 3798 xlv,
2421 3755 2534 3803 168.

1466 3831 1482 3855 ⁴
1509 3823 1813 3880 Inducenda
1851 3833 1969 3874 rota
2001 3833 2100 3887 est,
2124 3824 2214 3874 das
2239 3826 2385 3876 nohis
2405 3827 2534 3877 utile

1467 3917 1662 3953 munus.
1730 3900 1840 3952 Iste
1861 3902 2070 3952 trochus
2093 3901 2301 3966 pueris;
2340 3908 2394 3950 at
2410 3900 2535 3950 mihi

1469 3980 1687 4029 canthus
1712 3979 1827 4026 erit.
1832 3976 1848 3999 '

1533 4060 1597 4105 72
1636 4058 1756 4106 Cum
1794 4060 1901 4104 rota
1939 4055 2170 4118 posterior
2215 4067 2391 4115 curras,
2430 4051 2537 4116 &ml

1470 4130 1731 4182 Quamdiu
1747 4138 1802 4179 tu
1821 4129 1957 4180 diem
1974 4129 2272 4179 hodiernum
2290 4125 2416 4190 agis,
2432 4141 2536 4192 quo

1470 4206 1694 4259 noudum
1728 4206 1804 4256 vis
1826 4219 1996 4257 mores
2025 4203 2301 4270 corrigere,
2335 4202 2422 4255 cni
2458 4217 2539 4254 re·
