2992 4859
490 301 666 368 1264
1246 313 1635 364 ascensus
1680 315 2017 364 conicum

493 462 570 522 de
592 457 892 522 Juvenalis
933 457 1107 527 libro,
1158 456 1319 516 litera
1364 469 1454 517 est
1502 458 1826 535 majuscula
1874 459 2070 531 rubra,
2115 459 2360 539 reliquae
2413 478 2691 523 versuum

490 558 740 620 initiales
768 569 931 626 atrae,
962 577 996 616 a
1028 555 1293 627 vocibus,
1340 558 1439 614 ad·
1466 574 1612 633 quas
1656 557 1988 634 pertin'ent,⁴
2017 557 2328 629 distinctae,
2358 575 2430 620 ac
2457 553 2692 619 duabus

491 657 732 717 inclusa·
761 655 925 713 lineis
953 653 1226 712 deorsum
1259 655 1473 720 «luctis,
1504 656 1681 712 rubro
1709 655 1976 731 stigmate
2006 665 2140 715 sunt
2167 665 2408 716 notatae.
2507 657 2693 715 Juve-

490 755 659 823 nalis‚
690 752 939 821 Horatii,
962 760 1141 831 atque
1165 751 1365 829 Prosp=
1383 751 1428 809 ri
1446 771 1622 826 opera
1643 751 1718 810 ab
1749 772 1863 812 una
1885 753 2213 832 eademque
2243 773 2419 814 manu
2446 752 2691 831 scripta,

488 853 598 913 nisi
628 849 789 930 quod
836 869 872 908 a
917 847 1224 908 recentiori
1273 865 1448 906 manu
1494 846 1779 925 profectae
1824 858 1929 908 aut
1974 850 2032 907 in
2078 851 2354 928 margine,
2399 858 2501 909 aut
2539 849 2694 907 inter

444 979 457 990 .
487 950 673 1012 lineas
692 947 1108 1027 explicationes
1134 946 1256 1005 sive
1285 946 1513 1023 glossas,
1535 946 1635 1004 sed
1667 946 1972 1006 rarissimae
2000 945 2691 1024 conspiciantur.-Haec

487 1045 779 1110 sufficiunt
804 1044 881 1104 ad
909 1042 1384 1122 cognoscendam
1411 1056 1705 1103 externam
1737 1043 1975 1104 Codicis
2003 1043 2270 1104 formam.
2341 1045 2434 1103 De
2460 1042 2696 1103 interna.

484 1163 623 1208 veto
648 1143 783 1220 ejus
803 1142 1026 1203 ratione
1054 1141 1113 1200 in
1143 1141 1471 1201 universum
1502 1140 1960 1219 praecipiendum
1982 1140 2232 1211 videtur,
2254 1160 2388 1201 eum
2414 1159 2542 1203 esse
2569 1159 2690 1204 non

485 1239 984 1320 magis-bonitate,
1016 1258 1195 1316 quam
1242 1239 1662 1316 singularitate,
1710 1239 1759 1297 si
1790 1239 1870 1299 ita
1914 1239 2113 1298 dicere
2149 1237 2244 1297 fas
2266 1238 2356 1308 sit,
2404 1255 2693 1299 memora-

488 1337 687 1399 bilem.
790 1336 993 1396 Habet
1037 1335 1189 1394 enim
1235 1334 1695 1414 quamplurimas
1741 1335 2002 1406 lacunas,
2061 1335 2293 1394 minime
2339 1335 2561 1412 ubique
2615 1354 2692 1392 ex

482 1433 958 1496 homoeoteleutia
974 1443 1153 1503 ortas,
1175 1431 1553 1509 disjectiones
1573 1452 1861 1505 versuum,
1884 1420 2280 1501 diductiones,
2299 1431 2691 1509 adjectiones.

458 1531 641 1602 ‚Quae
662 1529 862 1589 omnia
905 1527 1063 1588 unde
1102 1528 1220 1588 sint
1260 1537 1404 1600 orta,
1435 1528 1755 1588 admodum
1783 1539 1872 1590 est
1898 1529 2135 1590 difficile
2160 1530 2347 1590 dictu.
2432 1527 2690 1590 Fluxisse

482 1627 708 1690 codicis
740 1636 963 1687 textum
1011 1646 1083 1685 ex
1130 1624 1449 1686 admodum
1498 1628 1689 1687 lacero
1731 1626 2068 1706 exemplari,
2099 1627 2194 1686 vix
2222 1624 2646 1703 persuademur
2669 1645 2688 1694 ς

483 1724 642 1785 unde
670 1723 821 1783 enim
851 1731 941 1782 tot
968 1725 1367 1784 mutationes?
1462 1725 1655 1784 Aliam
1683 1734 1880 1784 autem
1910 1745 2035 1784 esse
2062 1733 2258 1784 textus
2288 1715 2690 1782 recensionem

482 1821 562 1880 ab
589 1820 720 1899 ipso
747 1818 1072 1898 profectam
1092 1821 1129 1880 J
1135 1819 1383 1891 uvenali,
1408 1821 1541 1897 quis
1567 1821 1768 1880 credet
1796 1820 2168 1900 perpendens
2197 1831 2258 1881 et
2285 1823 2410 1880 Sat.
2436 1836 2531 1881 lv·
2553 1819 2689 1879 bre-

479 1916 723 1977 vitatem
761 1916 823 1975 in
860 1924 1063 1974 nostro
1100 1916 1284 1976 Msto.
1324 1924 1459 1977 octo
1487 1926 1718 1982 tantum
1744 1917 2008 1978 versibus
2037 1917 2381 1988 constantis,
2411 1924 2470 1975 et
2497 1922 2692 1974 muta·-

479 2012 703 2073 tionum
730 2011 1036 2084 rationem,
1064 2021 1125 2070 et
1164 2020 1427 2074 veterum
1469 2012 1839 2072 Scholiorum
1891 2013 2202 2077 silentium.
2284 2013 2478 2072 Alium
2512 2010 2693 2090 igitur

480 2109 787 2170 immisisse
818 2109 1024 2169 falcem
1073 2109 1129 2171 in
1164 2110 1460 2170 Juvenalis
1492 2129 1762 2180 messem,
1792 2110 1885 2169 vix
1912 2121 2023 2182 est,
2053 2109 2215 2189 quod
2244 2109 2689 2174 dubitemus.—

483 2208 622 2277 Quo
646 2226 782 2267 vero
819 2207 895 2266 de
941 2207 1068 2286 ipsa
1098 2206 1337 2267 Codicis
1386 2207 1609 2268 ratione
1657 2217 1905 2280 constet,
1936 2209 2128 2288 deque
2167 2227 2236 2266 ea
2273 2205 2586 2284 judicandi
2613 2207 2692 2266 sit

478 2304 754 2364 facultas.
774 2324 848 2364 ac
895 2302 1314 2383 pronuntiandi
1365 2305 1570 2365 harum
1613 2327 1802 2367 rerum
1849 2305 2183 2365 amantibus
2233 2305 2486 2375 arbitris,
2516 2304 2691 2367 liceat:

476 2401 686 2464 afferre
729 2400 999 2481 Syllogen
1030 2400 1371 2460 variantium
1413 2402 1758 2474 lectionum,
1811 2402 1869 2464 in
1913 2402 2226 2461 collatione
2251 2409 2688 2475 annotaturum,

479 2517 660 2578 quam
700 2497 779 2557 ad
818 2495 1152 2568 editionem,
1203 2517 1345 2557 cura
1387 2499 1477 2558 M.
1506 2499 1565 2559 J.
1595 2498 1663 2557 P.
1694 2498 1929 2569 Milleri,
1960 2497 2307 2564 meritissimi
2332 2496 2468 2557 olim
2497 2500 2695 2578 Gym-

472 2594 618 2655 nasii
646 2593 828 2654 nostri
868 2594 1157 2665 Rectqris,
1209 2595 1461 2654 Berolini
1512 2603 1685 2667 1749.
1720 2596 2035 2674 vulgatam,
2085 2604 2293 2674 utpote
2339 2596 2400 2655 iu
2447 2596 2536 2655 his
2564 2596 2686 2655 oris

474 2690 650 2752 facile
677 2690 912 2749 obviam
942 2700 1042 2750 aut
1063 2691 1784 2768 parabilem,·instituimus
1808 2712 1899 2764 ea,
1923 2713 2038 2771 qua
2060 2691 2181 2753 fieri
2205 2694 2419 2772 potuit,
2442 2692 2686 2771 diligen·-

474 2787 685 2860 tiafita
712 2785 974 2866 quidem,
1025 2797 1092 2846 ut
1132 2807 1206 2846 ne
1250 2788 1581 2866 sphalmata
1627 2790 1863 2867 quidem
1894 2789 2579 2869 scriptorisomittamus,
2613 2798 2685 2850 ut

470 2883 566 2943 vel
591 2883 730 2943 inde
757 2883 1160 2962 perspiciatur,
1182 2904 1308 2964 ‚qua
1346 2905 1509 2956 cura,
1556 2905 1743 2963 quave
1787 2885 2006 2946 incuria
2032 2886 2128 2945 ille
2156 2886 2468 2964 scripserit.
2555 2887 2684 2946 Ab·

473 2980 756 3054 stinemus
793 2981 867 3042 de
909 2981 1193 3041 industria
1221 2983 1634 3062 consultoque,
1665 2984 2008 3043 sententiam
2037 2993 2287 3042 nostram
2316 2984 2390 3042 de
2419 2981 2485 3042 iis
2503 2981 2678 3055 ferre,

474 3096 594 3155 quo
623 3077 877 3138 babeant
896 3076 1164 3151 juvenes,
1205 3077 1262 3137 in
1291 3099 1413 3157 quo
1449 3079 1598 3138 vires
1624 3080 2012 3157 experiantur,
2040 3081 2210 3140 etiam
2240 3083 2298 3139 in
2327 3079 2438 3140 hac
2469 3080 2682 3146 huma·

472 3171 698 3231 niorum
728 3170 1048 3231 studiorum
1081 3183 1268 3252 parte.
1314 3175 1663 3235 Exercitatis
1705 3195 1841 3235 vero
1882 3177 2108 3253 praeire,
2138 3176 2282 3257 quid
2309 3187 2465 3238 esset
2490 3177 2676 3251 aliud,

473 3288 653 3348 quam
681 3276 927 3327 noctuas
956 3269 1220 3328 Athenas
1240 3273 1286 3330 Τ

482 3442 497 3454 .
560 3363 814 3425 14—16.
845 3365 1365 3446 Norimbergenses
1391 3381 1529 3440 tres,
1681 3445 1686 3453 ἢ

472 3480 647 3539 quos,
677 3481 793 3521 una
816 3482 951 3524 cum
974 3463 1115 3523 edit.
1146 3465 1301 3543 Lips.
1332 3475 1530 3538 1502„
1559 3476 1798 3538 auctore
1826 3469 1918 3532 Cl.
1948 3470 2280 3540 Manum-to,
2312 3473 2679 3548 comparavit

473 3558 757 3637 seyb01d‚
786 3559 1023 3619 doctiss.
1053 3561 1234 3624 Conr.
1264 3564 1482 3641 Gymn.
1513 3565 1782 3625 Norimb.
1890 3565 2081 3625 Codex
2097 3569 2350 3647 primus,
2384 3567 2677 3630 membra·

471 3672 707 3726 naceus,
764 3656 1037 3733 idemque
1082 3659 1516 3737 antiquissimus
1570 3661 2204 3741 emendatissimusque,
2249 3665 2305 3722 in
2361 3664 2678 3741 splendida

471 3750 828 3810 bibliotheca
861 3754 1179 3812 Ebneriana
1208 3765 1557 3827 asservatur,
1590 3767 1648 3816 et
1676 3758 1912 3818 mutilus
1942 3770 2069 3819 est:
2100 3759 2671 3824 desiderantur-enim

470 3846 533 3905 in
559 3868 631 3905 eo
662 3849 781 3907 Sat.
813 3865 905 3909 Vl.
938 3848 1277 3920 269-303.
1340 3869 1499 3912 vul.
1537 3852 1748 3914 1—63.
1805 3872 1873 3913 x.
1904 3864 2124 3925 9-70.
2197 3875 2292 3916 xi.
2333 3869 2690 3923 t.52—-208.—

474 3944 721 4022 Margini
764 3947 895 4023 ejus
941 3949 1214 4027 ascriptas
1242 3958 1377 4008 sunt
1405 3951 1629 4026 glossae,
1659 3955 1758 4012 sed
1790 3953 1966 4013 literis
1997 3956 2413 4030 minutissimis,
2437 3968 2497 4018 et
2523 3979 2670 4019 non-

472 4061 769 4121 nunquam
799 4044 969 4104 valde
998 4046 1248 4123 pallidis,
1268 4045 1361 4107 vel
1384 4049 1715 4120 maculatis,
1747 4051 1840 4110 vel
1862 4052 2010 4110 adeo
2038 4054 2201 4124 rasis,
2225 4075 2356 4132 quae
2384 4033 2670 4118 eas'lectu

471 4137 842 4202 difficillimas
867 4141 1141 4206 reddunt.
1226 4144 1492 4225 Reliqua,
1539 4165 1675 4229 quae
1717 4148 1794 4210 ad
1843 4149 2000 4210 hunc
2048 4151 2334 4213 codicem
2379 4157 2688 4233 spectant,‘
