2992 4859
1079 340 1324 394 Ptnsn

269 487 447 537 dicat:
496 487 774 541 Tnverum
789 498 1012 537 examen
1049 487 1117 537 ab
1152 488 1218 539 iis
1249 502 1337 538 au-

272 563 386 612 dire
419 561 702 626 desideras,
739 564 922 629 quibus
955 579 1058 614 non
1101 564 1340 615 habenda

271 638 423 701 fides,
443 653 560 689 cum
594 640 827 703 corrupti
860 640 980 689 sint.
1066 642 1232 691 Recte
1272 641 1339 691 de

272 714 350 763 liis
387 713 671 764 Horatius:
715 716 731 742 ⁶
758 716 900 766 Male
931 731 1109 766 verum
1145 715 1337 765 exami-

274 796 366 840 nat
389 791 554 840 omnis
572 792 859 855 Corruptus
872 792 1077 856 judex!
1143 792 1314 842 Lubin.

338 870 406 916 36
462 867 577 929 Qui,
613 868 721 932 qun]
783 869 1002 919 Tractus
1050 885 1228 920 seusus
1270 883 1339 919 ex

276 944 465 995 (ἂι-τοο
482 958 652 1005 versu,
665 960 766 1010 quo
786 947 1121 1010 significatur,
1137 963 1201 998 ex
1221 963 1341 1011 yen-

276 1026 359 1070 tre
393 1034 564 1069 crasso
589 1027 795 1071 tenuem
820 1036 1024 1072 sensum
1048 1039 1148 1074 non
1180 1023 1337 1074 nasci.

280 1096 390 1148 Vct.
413 1097 693 1154 Sem—Qui
729 1099 861 1163 pote]
924 1103 1136 1165 Septem
1174 1102 1339 1151 lineas

275 1180 553 1238 sequentes
571 1175 860 1239 interrupte
878 1176 1140 1227 interserit
1156 1176 1340 1226 Poe‘ta.

278 1249 679 1315 Fumea—Qui]
731 1252 893 1303 Quasi
914 1253 1084 1302 dicat:
1118 1254 1341 1305 Quomo-

277 1325 347 1375 do
367 1325 477 1376 fieri
502 1334 693 1391 potest,
732 1335 793 1377 ut
824 1329 890 1378 ab
928 1330 1028 1379 illis
1059 1343 1234 1379 vemm
1256 1342 1341 1377 au-

276 1401 407 1466 dias,
429 1417 555 1468 quos
572 1404 868 1453 muneribus
889 1405 994 1454 tuis
1016 1403 1146 1454 falsa
1165 1404 1340 1453 dicere

277 1476 731 1544 doenum—Pete]
777 1479 841 1529 Id
865 1488 963 1543 est,
993 1480 1345 1544 potest—Vis

275 1552 455 1615 dican]
502 1555 596 1603 Est
617 1556 928 1619 interceptio
950 1555 1133 1605 Poetae
1159 1555 1342 1605 nostri.

280 1628 442 1680 Quasi
463 1628 600 1678 dicat
620 1647 636 1679 ε
679 1630 734 1679 si
769 1631 993 1680 veritate
1026 1644 1197 1697 usque,
1212 1629 1342 1678 adeo

281 1701 581 1767 delectaris,
599 1705 744 1753 visne
768 1711 826 1754 ut
861 1719 958 1768 ego
993 1705 1132 1753 illam
1169 1704 1263 1753 tibi
1295 1720 1345 1753 a-

280 1788 451 1843 perte,
470 1787 526 1828 et
548 1780 659 1829 sine
679 1779 801 1829 fuco
823 1780 1009 1843 dicam,
1034 1779 1155 1845 quid
1192 1780 1258 1828 de
1291 1785 1343 1830 te

279 1856 487 1921 tuisque
511 1858 822 1907 carminibus
844 1857 1172 1907 sentiendum
1193 1856 1347 1906 sit.—

282 1931 524 1994 Nagaris]
571 1933 755 1981 Unico
792 1932 952 1983 verbo
993 1932 1120 1982 dicit
1165 1938 1348 1981 auctor

281 2013 478 2069 noster,
514 2006 636 2072 quid
676 2007 885 2058 sentiat.
968 2006 1128 2060 Quasi
1169 2006 1342 2056 dicat:

280 2082 366 2131 Tu
388 2083 596 2146 putidas
636 2090 692 2132 et
726 2083 912 2132 nullius
935 2083 1089 2147 pretii
1107 2097 1268 2146 nugas
1290 2089 1347 2132 et

281 2160 508 2224 ineptias
531 2160 730 2211 scribis.
761 2159 1126 2210 Lubin.—Cum
1146 2159 1238 2208 tibi
1257 2162 1350 2209 cal·

283 2251 355 2300 ee,
375 2236 481 2300 εμπ]
550 2236 665 2287 Hoc
687 2242 768 2286 est
787 2237 959 2287 Persii
995 2236 1063 2286 de
1085 2236 1185 2286 isto
1209 2236 1347 2299 judi·

284 2313 440 2363 cium.
505 2311 706 2376 Accipe
737 2312 898 2375 igitur
920 2313 986 2362 de
1009 2319 1063 2362 te
1086 2312 1208 2377 quid
1237 2326 1349 2361 scn-

285 2387 410 2437 tiam
432 2404 444 2437 ι
497 2401 597 2450 ego
621 2395 674 2437 te
704 2389 919 2438 stultum
943 2389 1239 2452 pronuntio,
1259 2388 1348 2452 qui

285 2464 442 2514 vitam
464 2478 664 2514 omnem
688 2465 753 2513 ad
776 2464 1020 2515 canitiem
1055 2480 1215 2530 usque
1245 2472 1348 2515 tra-

286 2539 447 2589 ducas
491 2540 543 2588 in
587 2541 736 2603 nugis
778 2547 834 2588 et
870 2539 1040 2589 inutili
1089 2540 1346 2590 Poetaudi

287 2615 461 2667 studio
482 2632 495 2665 ε
530 2630 646 2665 cum
663 2617 768 2666 sint
790 2617 916 2665 talia
938 2618 1142 2681 potiora
1158 2632 1273 2680 quae
1298 2617 1349 2665 ei

289 2691 461 2742 studio
497 2691 740 2755 praeverti
779 2691 1040 2740 debeant:
1100 2691 1348 2755 imprimis

288 2774 481 2830 autem,
534 2781 700 2817 mores
746 2766 1039 2828 emendare,
1083 2774 1137 2816 et
1191 2768 1350 2816 vitam

289 2844 570 2907 corrigere,
590 2857 743 2907 quam
781 2856 877 2906 per
913 2843 1207 2906 voluptates
1247 2849 1349 2892 tra-

289 2920 454 2982 ducis,
469 2919 520 2968 in
539 2919 765 2969 curanda
782 2925 903 2969 cute
927 2919 1042 2981 plus
1062 2933 1210 2983 sequo
1232 2933 1352 2983 ope-

288 3003 451 3047 ratus.
503 2992 1062 3058 Casuum—Calvam]
1095 2994 1352 3043 Perstrin-

291 3072 372 3138 git
403 3078 574 3123 autem
608 3072 706 3120 boc
741 3072 857 3120 loco
892 3077 1088 3119 certum
1126 3070 1351 3135 aliquem

289 3148 494 3199 calvum
529 3154 598 3198 et'
620 3161 841 3197 crassum
878 3145 1113 3195 Poetam.
1153 3166 1168 3177 “
1190 3146 1355 3198 Quasi

293 3222 468 3273 dicat:
503 3223 583 3273 Tu
605 3223 829 3286 ineptias
846 3228 1046 3271 tantum
1068 3224 1353 3285 componis,

291 3312 410 3348 cum
434 3299 546 3361 tibi,
568 3313 599 3348 o
623 3297 800 3361 Calve,
838 3297 1044 3361 pinguis
1082 3305 1200 3346 tuus
1233 3311 1354 3346 veu-

292 3382 379 3425 ter
402 3381 648 3439 tanquam
685 3374 999 3439 aqualiculus
1040 3378 1188 3422 tanto
1227 3388 1354 3436 pon-

293 3454 422 3503 dere
469 3454 602 3501 ultra
642 3453 894 3516 reliquum
934 3465 1120 3516 corpus
1163 3453 1355 3515 promi-

293 3534 435 3579 neat.
512 3528 766 3578 Potestne
809 3526 919 3576 lieri
965 3533 1025 3577 ut
1066 3541 1096 3576 e
1137 3541 1355 3590 corpore

295 3612 400 3653 tam
425 3602 579 3653 obeso
603 3610 658 3652 et
680 3617 869 3664 crasso,
902 3608 957 3652 et
990 3602 1126 3652 vitiis
1148 3617 1209 3652 ac
1233 3602 1356 3651 deli·

295 3681 381 3731 tiis
399 3680 594 3745 pingui,
616 3680 812 3745 aliquid
835 3679 1045 3744 subtile,
1071 3688 1276 3730 acutum
1302 3685 1357 3729 et

293 3758 528 3808 limatum
552 3757 788 3821 prodeat.
852 3755 1027 3805 Lubin.

363 3840 424 3885 57
464 3833 702 3897 Pinguis]
760 3833 980 3883 Ponitur
1010 3834 1093 3883 bic
1126 3848 1221 3897 pro
1252 3839 1356 3881 stu-

296 3911 421 3977 pido
444 3917 500 3961 et
520 3910 1108 3977 hebeti—Aquam]
1136 3909 1358 3960 Sordida

297 3989 621 4052 metaphora,
657 3986 749 4036 sed
783 3987 904 4037 satis
939 3989 1246 4037 conveniens
1267 3986 1357 4034 Sa-

301 4064 473 4129 tyrico
495 4063 782 4113 idiotismo.'
847 4063 945 4111 Est
967 4067 1139 4111 autem
1160 4062 1359 4123 Aqtmlt'-

298 4140 428 4190 Μαι
456 4138 666 4204 proprie
689 4144 873 4187 venter
895 4137 1057 4201 porci,
1086 4137 1169 4185 vel
1202 4135 1358 4184 etiam

302 4230 399 4282 pro
443 4215 779 4281 receptaculo
818 4213 1062 4265 sordium.
1103 4250 1115 4257 .
1141 4212 1362 4263 Ponitur

1414 341 1576 392 sxr.
1624 343 1672 390 ι.
2349 328 2480 394 207

1410 487 1494 537 liic
1537 501 1636 552 pro
1668 491 1873 537 ventre-
1895 484 2147 535 helluonis
2189 492 2246 535 et
2288 485 2479 549 impuri

1409 561 1970 625 hominia—pm]
2004 561 2275 623 Protenso,
2296 569 2478 611 extem

1410 654 1488 701 so,
1520 630 2215 703 exporrecta—Sesquipede]
2281 638 2345 688 Id
2376 645 2478 700 est,

1412 730 1654 766 mensura
1678 716 1826 765 unius
1850 716 1996 780 pedis
2014 730 2132 764 cum
2162 716 2369 765 semisse
2393 716 2477 765 vel

1410 793 1643 843 dimidio.
1709 792 1981 842 Turnebus
1998 804 2197 841 xxvm.
2218 792 2505 843 iza-1320·

1411 869 1506 933 tet]
1544 870 1897 920 Proemineat.

1474 951 1541 996 58
1577 948 1623 995 0
1658 947 1801 1009 June,
1835 944 1939 1009 qma]
2008 945 2311 993 Exclamaus
2354 948 2501 1007 crgo·

1409 1020 1684 1081 ἄνωθησίαν
1706 1023 1922 1071 istorum
1946 1027 2000 1070 et
2024 1027 2288 1084 stuporem
2321 1020 2485 1069 admi·

1411 1105 1576 1148 ratur.
1628 1097 1943 1147 Genua—0
1962 1095 2112 1160 June]
2179 1098 2273 1146 Est
2307 1103 2480 1146 autem

1415 1175 1643 1238 Ellipsis,
1662 1181 1719 1222 et
1740 1173 2227 1236 subintelligendum
2249 1189 2261 1221 τ
2312 1174 2479 1225 Quam

1414 1255 1472 1299 tu
1496 1248 1624 1299 felix
1648 1256 1703 1299 et
1728 1250 1948 1313 prudeus
1969 1264 2043 1310 es,
2076 1250 2163 1312 qui
2198 1248 2341 1299 vides
2366 1246 2478 1310 τρό-

1411 1343 1481 1376 coe
1502 1325 1582 1376 καὶ
1600 1325 1765 1389 ὀπίσω,
1800 1340 1832 1375 o
1872 1332 1927 1374 te
1956 1325 2192 1374 beatum!
2247 1324 2370 1372 Fuit
2391 1337 2483 1372 aii·

1415 1412 1520 1454 tem
1541 1405 1704 1455 Janus
1724 1403 2105 1469 antiquissimus
2130 1402 2294 1451 Italiae
2311 1402 2490 1462 Deus,

1414 1487 1470 1530 et
1491 1480 1625 1530 Latii
1649 1495 1758 1541 rex,
1779 1494 1810 1527 a
1832 1494 1933 1542 quo
1958 1479 2231 1527 micam
2263 1477 2479 1528 dictum.

1415 1556 1521 1605 Per
1541 1557 1720 1605 Jonum
1753 1554 2001 1617 intelligit
2029 1554 2268 1602 cordatos
2290 1558 2345 1601 et
2366 1566 2485 1616 pru·

1414 1632 1729 1682 dentem—A
1749 1636 1901 1691 tergo,
1921 1628 2030 1693 qm]
2050 1629 2171 1678 'rtis
2189 1628 2480 1677 irrisionum

1415 1709 1499 1757 vel
1522 1721 1794 1757 sennarum
1820 1720 2008 1770 genera
2036 1713 2312 1769 ponuntur.
2370 1704 2500 1756 Pri··

1416 1798 1573 1847 mum,
1590 1784 1754 1832 Manu
1779 1782 2025 1831 ciconiam
2048 1780 2349 1843 siguificare.
2394 1779 2487 1830 Se·

1417 1860 1659 1920 eundum,
1682 1857 1938 1921 Apposito
1954 1856 2018 1905 ad
2040 1863 2274 1919 tempora
2291 1855 2483 1920 pollice

1417 1936 1638 1985 asininas
1679 1948 1830 1983 aures
1875 1934 2136 1983 denotare.
2223 1930 2485 1991 Tertium,

1419 2012 1668 2075 Linguam
1712 2011 1937 2060 sitientis
1982 2011 2122 2060 canis
2163 2007 2481 2058 imitari—A

1418 2090 1577 2152 tergo]
1629 2087 1763 2137 Illud
1797 2089 1933 2135 euim
1974 2084 2087 2134 fleri
2127 2099 2227 2134 non
2258 2087 2489 2148 poterat,

1420 2180 1536 2214 uam
1579 2170 1634 2214 et
1674 2166 1726 2213 in
1773 2170 1919 2227 tergo
1956 2162 2183 2212 habebat
2226 2160 2491 2209 oculos.—

1423 2241 1595 2302 Νιιηα,
1634 2240 1738 2304 guz]
1801 2240 1928 2288 Tria
1965 2250 2155 2303 genera
2199 2246 2493 2297 sannarum,

1423 2321 1512 2366 aut
1550 2331 1704 2365 manu
1754 2312 2048 2377 siguificare
2088 2311 2356 2373 ciconiam,
2397 2314 2489 2359 aut

1421 2393 1662 2458 opposito
1696 2390 2015 2454 temporibus
2054 2389 2264 2452 pollice,
2289 2386 2489 2436 auricu-

1423 2471 1496 2518 las
1522 2469 1762 2530 asininas,
1797 2474 1888 2517 aut
1908 2467 2133 2529 linguam
2158 2462 2383 2512 sitientis
2405 2476 2490 2512 ca-

1422 2543 1523 2593 nis.
1586 2545 1756 2593 Sanna
1778 2548 1950 2591 autem
1983 2540 2177 2588 dicitur
2214 2553 2270 2587 os
2303 2537 2492 2587 distor-

1423 2626 1534 2670 tum
1571 2635 1687 2668 cum
1721 2619 1890 2674 vulin,
1924 2616 2059 2679 qnod
2099 2613 2336 2675 facimus,
2370 2627 2487 2662 cum

1424 2696 1552 2746 alios
1568 2694 1885 2744 deridemus.
1935 2691 2065 2740 Inde
2090 2690 2361 2739 sanniones
2385 2688 2492 2737 dic-

1425 2771 1488 2830 ti,
1513 2769 1597 2833 qui
1634 2783 1733 2817 non
1774 2773 1971 2816 rectum
2011 2764 2207 2814 vultum
2246 2762 2491 2812 habeant.

1433 2847 1540 2897 Vct.
1564 2841 1968 2904 Sem—Ciconum]
2023 2839 2185 2889 Refer
2204 2839 2303 2889 hoc
2325 2839 2390 2888 ad
2414 2838 2491 2887 di-

1426 2924 1563 2987 gitos
1599 2921 1651 2969 in
1688 2920 1894 2969 modum
1932 2918 2080 2967 rostri
2104 2914 2495 2966 ciconinicoac·

1426 2995 1783 3058 tom—PM]
1814 2995 2034 3045 Pinsere
2052 3000 2132 3042 est
2155 2993 2344 3055 avium,
2367 2991 2489 3040 dum

1428 3078 1647 3123 rostrum
1672 3071 1826 3120 alicui
1865 3068 1940 3118 rei
1975 3067 2160 3121 crebro
2183 3065 2497 3130 impingunt,

1428 3155 1482 3198 et
1509 3147 1692 3197 crebro
1715 3144 1909 3208 aliquid
1934 3143 2265 3207 percutiunt:
2319 3139 2386 3190 ab
2408 3154 2506 3189 απ-.

1430 3227 1577 3291 tiquo
1600 3225 1757 3275 verbo
1780 3224 1954 3286 Pindo,
1986 3220 2039 3270 id
2064 3228 2163 3283 est,
2183 3218 2333 3283 ferio,
2355 3218 2493 3267 unde

1429 3304 1593 3366 pistor
1627 3308 1680 3351 et
1714 3299 1978 3364 pistillum.
2044 3294 2325 3347 Diomedes
2346 3295 2495 3359 legit,

1428 3379 1621 3429 Pinsat.
1688 3375 1871 3425 Lubin.

1493 3458 1559 3502 59
1608 3451 1728 3513 Nee,
1764 3448 1870 3511 afa]
1902 3445 2208 3497 'Secundum
2247 3445 2507 3494 irrisionis.

1431 3543 1611 3593 genus,
1631 3528 1712 3576 cui
1736 3540 1838 3574 non
1875 3538 1901 3572 a
1936 3530 2087 3587 tergo
2119 3536 2299 3571 manus
2323 3519 2496 3569 irriso-

1431 3620 1543 3654 rum
1586 3609 1848 3667 proterva,
1880 3600 2019 3649 albas
2055 3599 2182 3648 asini
2220 3610 2370 3647 aures
2405 3611 2496 3646 ex-

1431 3678 1621 3744 pressit
1657 3684 1711 3727 et
1751 3676 1910 3739 capiti
1948 3672 2507 3738 apposuit.—Mobilis]'

1429 3755 1721 3806 Notatione
1734 3750 1990 3817 siguificat
2007 3751 2132 3801 asini
2150 3765 2296 3801 aures
2310 3765 2374 3799 ex
2392 3765 2498 3800 mo·

1432 3839 1487 3880 tu
1508 3827 1931 3893 manus‚hominis
1945 3828 2080 3875 enim
2101 3842 2247 3876 aures
2266 3833 2386 3876 suut
2402 3827 2495 3875 im-

1431 3906 1663 3956 mobiles.
1728 3904 1936 3954 Deinde
1961 3903 2088 3952 asini
2109 3917 2257 3953 sures
2282 3902 2502 3951 interius*

1432 3983 1561 4032 albis
1601 3982 1714 4046 pilis
1753 3980 1967 4029 hirsutae
2001 3986 2137 4029 suut.
2201 3968 2509 4039 Talcs‘ergo·

1431 4076 1613 4110 manus
1648 4059 1808 4123 capiti
1844 4059 2121 4123 applicata
2159 4053 2497 4105 movebantur

1432 4139 1595 4186 instar
1626 4136 1936 4185 asininarum
1976 4134 2188 4182 aurium.
2254 4131 2503 4193 Respicit

1432 4219 1604 4263 alitem
1630 4213 1694 4262 ad
1716 4210 1941 4261 fabulam
1963 4209 2030 4258 de
2052 4207 2213 4259 Mida.
2258 4205 2404 4255 Idem.
2498 4212 2507 4217 '
