<?xml version="1.0" encoding="UTF-8"?>
<!DOCTYPE html PUBLIC "-//W3C//DTD XHTML 1.0 Transitional//EN"
    "http://www.w3.org/TR/xhtml1/DTD/xhtml1-transitional.dtd">
<html xmlns="http://www.w3.org/1999/xhtml" xml:lang="en" lang="en">
 <head>
  <title>
</title>
<meta http-equiv="Content-Type" content="text/html;charset=utf-8" />
  <meta name='ocr-system' content='tesseract 3.04.00' />
  <meta name='ocr-capabilities' content='ocr_page ocr_carea ocr_par ocr_line ocrx_word'/>
</head>
<body>
  <div class='ocr_page' id='page_1' title='image "./operaomnia02juvegoog_0324.png"; bbox 0 0 2992 4859; ppageno 0'>
   <div class='ocr_carea' id='block_1_1' title="bbox 391 329 513 403">
    <p class='ocr_par' dir='ltr' id='par_1_1' title="bbox 391 329 513 403">
     <span class='ocr_line' id='line_1_1' title="bbox 391 329 513 403; baseline 0 0"><span class='ocrx_word' id='word_1_1' title='bbox 391 329 513 403; x_wconf 55' lang='lat' dir='ltr'><strong>x88</strong></span> 
     </span>
    </p>
   </div>
   <div class='ocr_carea' id='block_1_2' title="bbox 1186 349 1866 403">
    <p class='ocr_par' dir='ltr' id='par_1_2' title="bbox 1186 349 1866 403">
     <span class='ocr_line' id='line_1_2' title="bbox 1186 349 1866 403; baseline 0.001 -7"><span class='ocrx_word' id='word_1_2' title='bbox 1186 349 1258 396; x_wconf 72' lang='lat' dir='ltr'><strong>A·</strong></span> <span class='ocrx_word' id='word_1_3' title='bbox 1305 349 1551 403; x_wconf 76' lang='lat' dir='ltr'><strong>PERsn</strong></span> <span class='ocrx_word' id='word_1_4' title='bbox 1604 349 1866 398; x_wconf 61' lang='lat' dir='ltr'><strong>pmice!</strong></span> 
     </span>
    </p>
   </div>
   <div class='ocr_carea' id='block_1_3' title="bbox 425 490 2200 681">
    <p class='ocr_par' dir='ltr' id='par_1_3' title="bbox 425 490 2200 681">
     <span class='ocr_line' id='line_1_3' title="bbox 425 490 2142 580; baseline 0.001 -21"><span class='ocrx_word' id='word_1_5' title='bbox 425 490 623 560; x_wconf 84' lang='lat' dir='ltr'><strong>Unde</strong></span> <span class='ocrx_word' id='word_1_6' title='bbox 648 494 925 573; x_wconf 68' lang='lat' dir='ltr'><strong>Remus,</strong></span> <span class='ocrx_word' id='word_1_7' title='bbox 956 495 1277 580; x_wconf 81' lang='lat' dir='ltr'>sulcoque</span> <span class='ocrx_word' id='word_1_8' title='bbox 1306 501 1519 559; x_wconf 83' lang='lat' dir='ltr'><strong>terens</strong></span> <span class='ocrx_word' id='word_1_9' title='bbox 1545 494 1855 573; x_wconf 81' lang='lat' dir='ltr'><strong>dentalia,</strong></span> <span class='ocrx_word' id='word_1_10' title='bbox 1887 494 2142 574; x_wconf 80' lang='lat' dir='ltr'><strong>Quinti,</strong></span> 
     </span>
     <span class='ocr_line' id='line_1_4' title="bbox 431 593 2200 681; baseline 0.001 -20"><span class='ocrx_word' id='word_1_11' title='bbox 431 593 606 663; x_wconf 86' lang='lat' dir='ltr'><strong>Cum</strong></span> <span class='ocrx_word' id='word_1_12' title='bbox 632 596 892 681; x_wconf 86' lang='lat' dir='ltr'><strong>trepida</strong></span> <span class='ocrx_word' id='word_1_13' title='bbox 918 601 1071 660; x_wconf 85' lang='lat' dir='ltr'><strong>ante</strong></span> <span class='ocrx_word' id='word_1_14' title='bbox 1099 597 1307 662; x_wconf 81' lang='lat' dir='ltr'><strong>boves</strong></span> <span class='ocrx_word' id='word_1_15' title='bbox 1338 597 1725 662; x_wconf 84' lang='lat' dir='ltr'><strong>dictatorem</strong></span> <span class='ocrx_word' id='word_1_16' title='bbox 1766 598 1979 662; x_wconf 87' lang='lat' dir='ltr'><strong>induit</strong></span> <span class='ocrx_word' id='word_1_17' title='bbox 2005 618 2200 676; x_wconf 81' lang='lat' dir='ltr'><strong>uxor,</strong></span> 
     </span>
    </p>
   </div>
   <div class='ocr_carea' id='block_1_4' title="bbox 426 697 2087 785">
    <p class='ocr_par' dir='ltr' id='par_1_4' title="bbox 426 697 2087 785">
     <span class='ocr_line' id='line_1_5' title="bbox 426 697 2087 785; baseline 0 -21"><span class='ocrx_word' id='word_1_18' title='bbox 426 697 516 764; x_wconf 82' lang='lat' dir='ltr'><strong>Et</strong></span> <span class='ocrx_word' id='word_1_19' title='bbox 544 707 658 765; x_wconf 86' lang='lat' dir='ltr'><strong>tua</strong></span> <span class='ocrx_word' id='word_1_20' title='bbox 686 705 906 764; x_wconf 86' lang='lat' dir='ltr'><strong>aratra</strong></span> <span class='ocrx_word' id='word_1_21' title='bbox 925 698 1195 763; x_wconf 89' lang='lat' dir='ltr'><strong>domum</strong></span> <span class='ocrx_word' id='word_1_22' title='bbox 1220 700 1416 764; x_wconf 86' lang='lat' dir='ltr'><strong>lictor</strong></span> <span class='ocrx_word' id='word_1_23' title='bbox 1439 702 1626 766; x_wconf 86' lang='lat' dir='ltr'><strong>tulit:</strong></span> <span class='ocrx_word' id='word_1_24' title='bbox 1659 721 1821 784; x_wconf 80' lang='lat' dir='ltr'><strong>euge</strong></span> <span class='ocrx_word' id='word_1_25' title='bbox 1845 699 2087 785; x_wconf 65' lang='lat' dir='ltr'><strong>poeta!</strong></span> 
     </span>
    </p>
   </div>
   <div class='ocr_carea' id='block_1_5' title="bbox 2547 702 2637 766">
    <p class='ocr_par' dir='ltr' id='par_1_5' title="bbox 2547 702 2637 766">
     <span class='ocr_line' id='line_1_6' title="bbox 2547 702 2637 766; baseline 0 0"><span class='ocrx_word' id='word_1_26' title='bbox 2547 702 2637 766; x_wconf 80' lang='lat'><strong>75</strong></span> 
     </span>
    </p>
   </div>
   <div class='ocr_carea' id='block_1_6' title="bbox 512 799 2114 884">
    <p class='ocr_par' dir='ltr' id='par_1_6' title="bbox 512 799 2114 884">
     <span class='ocr_line' id='line_1_7' title="bbox 512 799 2114 884; baseline 0.001 -19"><span class='ocrx_word' id='word_1_27' title='bbox 512 799 638 866; x_wconf 85' lang='lat' dir='ltr'><strong>Est</strong></span> <span class='ocrx_word' id='word_1_28' title='bbox 661 819 859 881; x_wconf 75' lang='lat' dir='ltr'><strong>nunc,</strong></span> <span class='ocrx_word' id='word_1_29' title='bbox 890 800 1141 865; x_wconf 78' lang='lat' dir='ltr'>Briseis</span> <span class='ocrx_word' id='word_1_30' title='bbox 1171 820 1368 884; x_wconf 89' lang='lat' dir='ltr'><strong>quem</strong></span> <span class='ocrx_word' id='word_1_31' title='bbox 1395 821 1688 866; x_wconf 77' lang='lat' dir='ltr'>venosus</span> <span class='ocrx_word' id='word_1_32' title='bbox 1712 803 1878 867; x_wconf 89' lang='lat' dir='ltr'><strong>liber</strong></span> <span class='ocrx_word' id='word_1_33' title='bbox 1915 800 2114 881; x_wconf 82' lang='lat' dir='ltr'><strong>Acci,</strong></span> 
     </span>
    </p>
   </div>
   <div class='ocr_carea' id='block_1_7' title="bbox 428 980 2642 1176">
    <p class='ocr_par' dir='ltr' id='par_1_7' title="bbox 428 980 2642 1176">
     <span class='ocr_line' id='line_1_8' title="bbox 431 980 2639 1047; baseline 0.001 -17"><span class='ocrx_word' id='word_1_34' title='bbox 431 980 627 1044; x_wconf 61' lang='lat' dir='ltr'><strong>Rotas,</strong></span> <span class='ocrx_word' id='word_1_35' title='bbox 662 986 710 1029; x_wconf 82' lang='lat' dir='ltr'><strong>et</strong></span> <span class='ocrx_word' id='word_1_36' title='bbox 733 986 790 1029; x_wconf 90' lang='lat' dir='ltr'><strong>tu</strong></span> <span class='ocrx_word' id='word_1_37' title='bbox 813 994 1036 1044; x_wconf 85' lang='lat' dir='ltr'><strong>quoque,</strong></span> <span class='ocrx_word' id='word_1_38' title='bbox 1075 994 1108 1029; x_wconf 93' lang='lat' dir='ltr'><strong>o</strong></span> <span class='ocrx_word' id='word_1_39' title='bbox 1133 980 1322 1044; x_wconf 71' lang='lat' dir='ltr'><strong>Quinti,</strong></span> <span class='ocrx_word' id='word_1_40' title='bbox 1340 986 1550 1031; x_wconf 75' lang='lat' dir='ltr'><strong>atterens</strong></span> <span class='ocrx_word' id='word_1_41' title='bbox 1579 987 1792 1031; x_wconf 70' lang='lat' dir='ltr'><strong>muttum</strong></span> <span class='ocrx_word' id='word_1_42' title='bbox 1812 983 1993 1032; x_wconf 72' lang='lat' dir='ltr'><strong>sulem</strong></span> <span class='ocrx_word' id='word_1_43' title='bbox 2011 984 2182 1043; x_wconf 84' lang='lat' dir='ltr'><strong>humo,</strong></span> <span class='ocrx_word' id='word_1_44' title='bbox 2216 998 2350 1047; x_wconf 67' lang='lat' dir='ltr'><strong>quem</strong></span> <span class='ocrx_word' id='word_1_45' title='bbox 2372 987 2482 1033; x_wconf 72' lang='lat' dir='ltr'><strong>ante</strong></span> <span class='ocrx_word' id='word_1_46' title='bbox 2504 982 2639 1033; x_wconf 73' lang='lat' dir='ltr'><strong>bones</strong></span> 
     </span>
     <span class='ocr_line' id='line_1_9' title="bbox 429 1044 2640 1114; baseline 0.002 -21"><span class='ocrx_word' id='word_1_47' title='bbox 429 1045 598 1105; x_wconf 66' lang='lat' dir='ltr'><strong>conjux</strong></span> <span class='ocrx_word' id='word_1_48' title='bbox 638 1045 844 1094; x_wconf 72' lang='lat' dir='ltr'><strong>attonita</strong></span> <span class='ocrx_word' id='word_1_49' title='bbox 880 1044 1073 1093; x_wconf 71' lang='lat' dir='ltr'><strong>vestivit</strong></span> <span class='ocrx_word' id='word_1_50' title='bbox 1106 1046 1376 1095; x_wconf 64' lang='lat' dir='ltr'><strong>Dictator-is</strong></span> <span class='ocrx_word' id='word_1_51' title='bbox 1415 1052 1560 1108; x_wconf 78' lang='lat' dir='ltr'><strong>veste,</strong></span> <span class='ocrx_word' id='word_1_52' title='bbox 1601 1052 1650 1095; x_wconf 78' lang='lat' dir='ltr'><strong>et</strong></span> <span class='ocrx_word' id='word_1_53' title='bbox 1688 1048 1845 1095; x_wconf 62' lang='lat' dir='ltr'><strong>tiator</strong></span> <span class='ocrx_word' id='word_1_54' title='bbox 1879 1049 2139 1114; x_wconf 69' lang='lat' dir='ltr'><strong>reportavit</strong></span> <span class='ocrx_word' id='word_1_55' title='bbox 2180 1055 2395 1097; x_wconf 71' lang='lat' dir='ltr'><strong>aratrum</strong></span> <span class='ocrx_word' id='word_1_56' title='bbox 2435 1055 2567 1097; x_wconf 72' lang='grc' dir='ltr'><strong>ιιιιιιιι</strong></span> <span class='ocrx_word' id='word_1_57' title='bbox 2587 1049 2640 1096; x_wconf 73' lang='lat' dir='ltr'><strong>in</strong></span> 
     </span>
     <span class='ocr_line' id='line_1_10' title="bbox 428 1107 2642 1176; baseline 0.001 -18"><span class='ocrx_word' id='word_1_58' title='bbox 428 1111 554 1158; x_wconf 73' lang='lat' dir='ltr'><strong>edes</strong></span> <span class='ocrx_word' id='word_1_59' title='bbox 574 1117 705 1159; x_wconf 83' lang='lat' dir='ltr'><strong>tuas.</strong></span> <span class='ocrx_word' id='word_1_60' title='bbox 774 1109 955 1171; x_wconf 72' lang='lat' dir='ltr'><strong>Macte,</strong></span> <span class='ocrx_word' id='word_1_61' title='bbox 993 1124 1022 1158; x_wconf 82' lang='lat' dir='ltr'><strong>o</strong></span> <span class='ocrx_word' id='word_1_62' title='bbox 1052 1109 1194 1160; x_wconf 75' lang='lat' dir='ltr'><strong>Vates</strong></span> <span class='ocrx_word' id='word_1_63' title='bbox 1211 1125 1231 1167; x_wconf 90' lang='lat'><strong>,·</strong></span> <span class='ocrx_word' id='word_1_64' title='bbox 1249 1111 1599 1174; x_wconf 70' lang='lat' dir='ltr'><strong>reperitur-jam</strong></span> <span class='ocrx_word' id='word_1_65' title='bbox 1636 1107 1838 1175; x_wconf 85' lang='lat' dir='ltr'><strong>aliquis,</strong></span> <span class='ocrx_word' id='word_1_66' title='bbox 1853 1127 1986 1175; x_wconf 72' lang='lat' dir='ltr'><strong>quem</strong></span> <span class='ocrx_word' id='word_1_67' title='bbox 2018 1112 2286 1163; x_wconf 75' lang='lat' dir='ltr'><strong>delectent</strong></span> <span class='ocrx_word' id='word_1_68' title='bbox 2327 1112 2506 1176; x_wconf 65' lang='lat' dir='ltr'><strong>scr-ipra</strong></span> <span class='ocrx_word' id='word_1_69' title='bbox 2539 1119 2642 1161; x_wconf 64' lang='lat' dir='ltr'><strong>tm·-</strong></span> 
     </span>
    </p>
   </div>
   <div class='ocr_carea' id='block_1_8' title="bbox 1349 1252 1705 1274">
    <p class='ocr_par' dir='ltr' id='par_1_8' title="bbox 1349 1252 1705 1274">
     <span class='ocr_line' id='line_1_11' title="bbox 1349 1252 1705 1274; baseline 0.006 -3"><span class='ocrx_word' id='word_1_70' title='bbox 1349 1252 1556 1274; x_wconf 61' lang='lat' dir='ltr'><strong>OONOO‘</strong></span> <span class='ocrx_word' id='word_1_71' title='bbox 1562 1252 1705 1274; x_wconf 62' lang='lat'><strong><em>‘00⁴0</em></strong></span> 
     </span>
    </p>
   </div>
   <div class='ocr_carea' id='block_1_9' title="bbox 430 1333 2638 1466">
    <p class='ocr_par' dir='ltr' id='par_1_9' title="bbox 430 1333 2638 1466">
     <span class='ocr_line' id='line_1_12' title="bbox 430 1333 2638 1405; baseline 0.002 -21"><span class='ocrx_word' id='word_1_72' title='bbox 430 1344 486 1386; x_wconf 86' lang='lat' dir='ltr'><strong>et</strong></span> <span class='ocrx_word' id='word_1_73' title='bbox 504 1333 782 1385; x_wconf 82' lang='lat' dir='ltr'><strong>humilibus</strong></span> <span class='ocrx_word' id='word_1_74' title='bbox 803 1336 992 1399; x_wconf 77' lang='lat' dir='ltr'>stylum</span> <span class='ocrx_word' id='word_1_75' title='bbox 1014 1336 1381 1387; x_wconf 82' lang='lat' dir='ltr'><strong>exercuissent.</strong></span> <span class='ocrx_word' id='word_1_76' title='bbox 1409 1340 1802 1390; x_wconf 58' lang='grc' dir='ltr'><strong>σιωπῶσι-72</strong></span> <span class='ocrx_word' id='word_1_77' title='bbox 1824 1341 2014 1390; x_wconf 77' lang='lat' dir='ltr'><strong>Parilia</strong></span> <span class='ocrx_word' id='word_1_78' title='bbox 2027 1340 2170 1390; x_wconf 81' lang='lat' dir='ltr'><strong>Edit.</strong></span> <span class='ocrx_word' id='word_1_79' title='bbox 2187 1341 2369 1405; x_wconf 79' lang='lat' dir='ltr'><strong>Steph.</strong></span> <span class='ocrx_word' id='word_1_80' title='bbox 2386 1345 2442 1389; x_wconf 86' lang='lat' dir='ltr'><strong>et</strong></span> <span class='ocrx_word' id='word_1_81' title='bbox 2463 1339 2638 1389; x_wconf 67' lang='lat' dir='ltr'><strong>multa</strong></span> 
     </span>
     <span class='ocr_line' id='line_1_13' title="bbox 431 1400 2638 1466; baseline 0.001 -16"><span class='ocrx_word' id='word_1_82' title='bbox 431 1400 698 1450; x_wconf 57' lang='lat' dir='ltr'><strong>End—⁷4</strong></span> <span class='ocrx_word' id='word_1_83' title='bbox 736 1401 1157 1456; x_wconf 73' lang='lat' dir='ltr'><strong>Qaemdictaturo.</strong></span> <span class='ocrx_word' id='word_1_84' title='bbox 1191 1402 1295 1452; x_wconf 77' lang='lat' dir='ltr'><strong>Ma.</strong></span> <span class='ocrx_word' id='word_1_85' title='bbox 1320 1403 1574 1453; x_wconf 55' lang='lat' dir='ltr'><strong>Gale-‘16</strong></span> <span class='ocrx_word' id='word_1_86' title='bbox 1606 1403 1738 1454; x_wconf 73' lang='lat' dir='ltr'><strong>Attin·</strong></span> <span class='ocrx_word' id='word_1_87' title='bbox 1760 1407 1862 1458; x_wconf 77' lang='lat' dir='ltr'><strong>Ms.</strong></span> <span class='ocrx_word' id='word_1_88' title='bbox 1884 1405 1950 1456; x_wconf 86' lang='lat' dir='ltr'><strong>R.</strong></span> <span class='ocrx_word' id='word_1_89' title='bbox 1985 1406 2149 1455; x_wconf 77' lang='lat' dir='ltr'><strong>Brisei</strong></span> <span class='ocrx_word' id='word_1_90' title='bbox 2170 1413 2322 1455; x_wconf 84' lang='lat' dir='ltr'><strong>vetus</strong></span> <span class='ocrx_word' id='word_1_91' title='bbox 2345 1405 2506 1455; x_wconf 88' lang='lat' dir='ltr'><strong>lectio</strong></span> <span class='ocrx_word' id='word_1_92' title='bbox 2525 1411 2638 1466; x_wconf 78' lang='lat' dir='ltr'><strong>est3</strong></span> 
     </span>
    </p>
   </div>
   <div class='ocr_carea' id='block_1_10' title="bbox 431 1464 1600 1529">
    <p class='ocr_par' dir='ltr' id='par_1_10' title="bbox 431 1464 1600 1529">
     <span class='ocr_line' id='line_1_14' title="bbox 431 1464 1600 1529; baseline 0.005 -18"><span class='ocrx_word' id='word_1_93' title='bbox 431 1474 488 1513; x_wconf 86' lang='lat' dir='ltr'><strong>et</strong></span> <span class='ocrx_word' id='word_1_94' title='bbox 499 1464 617 1514; x_wconf 72' lang='lat' dir='ltr'><strong>Acci</strong></span> <span class='ocrx_word' id='word_1_95' title='bbox 637 1476 657 1521; x_wconf 77' lang='lat'><strong>,⁶</strong></span> <span class='ocrx_word' id='word_1_96' title='bbox 676 1479 778 1514; x_wconf 87' lang='lat' dir='ltr'><strong>non</strong></span> <span class='ocrx_word' id='word_1_97' title='bbox 796 1465 998 1526; x_wconf 67' lang='lat' dir='ltr'><strong>Bri-sai,</strong></span> <span class='ocrx_word' id='word_1_98' title='bbox 1035 1479 1202 1529; x_wconf 87' lang='lat' dir='ltr'><strong>neque</strong></span> <span class='ocrx_word' id='word_1_99' title='bbox 1232 1468 1349 1516; x_wconf 70' lang='lat' dir='ltr'><strong>Acti</strong></span> <span class='ocrx_word' id='word_1_100' title='bbox 1369 1468 1450 1516; x_wconf 81' lang='lat' dir='ltr'><strong>vel</strong></span> <span class='ocrx_word' id='word_1_101' title='bbox 1469 1468 1600 1518; x_wconf 75' lang='lat' dir='ltr'><strong>Atei.</strong></span> 
     </span>
    </p>
   </div>
   <div class='ocr_carea' id='block_1_11' title="bbox 1668 1469 2640 1534">
    <p class='ocr_par' dir='ltr' id='par_1_11' title="bbox 1668 1469 2640 1534">
     <span class='ocr_line' id='line_1_15' title="bbox 1668 1469 2640 1534; baseline -0.003 -15"><span class='ocrx_word' id='word_1_102' title='bbox 1668 1470 1769 1519; x_wconf 88' lang='lat' dir='ltr'><strong>Sed</strong></span> <span class='ocrx_word' id='word_1_103' title='bbox 1796 1485 1891 1534; x_wconf 82' lang='lat' dir='ltr'><strong>pro</strong></span> <span class='ocrx_word' id='word_1_104' title='bbox 1914 1471 2078 1520; x_wconf 76' lang='lat' dir='ltr'><strong>Brisei</strong></span> <span class='ocrx_word' id='word_1_105' title='bbox 2102 1473 2217 1534; x_wconf 76' lang='lat' dir='ltr'><strong>lego</strong></span> <span class='ocrx_word' id='word_1_106' title='bbox 2246 1471 2450 1520; x_wconf 75' lang='lat' dir='ltr'><strong>Briseis.-</strong></span> <span class='ocrx_word' id='word_1_107' title='bbox 2482 1469 2640 1517; x_wconf 80' lang='lat' dir='ltr'><strong>notis-</strong></span> 
     </span>
    </p>
   </div>
   <div class='ocr_carea' id='block_1_12' title="bbox 429 1528 2639 1599">
    <p class='ocr_par' dir='ltr' id='par_1_12' title="bbox 429 1528 2639 1599">
     <span class='ocr_line' id='line_1_16' title="bbox 429 1528 2639 1599; baseline 0.002 -22"><span class='ocrx_word' id='word_1_108' title='bbox 429 1529 611 1580; x_wconf 82' lang='lat' dir='ltr'><strong>simum</strong></span> <span class='ocrx_word' id='word_1_109' title='bbox 631 1528 858 1578; x_wconf 76' lang='lat' dir='ltr'><strong>foeminoe</strong></span> <span class='ocrx_word' id='word_1_110' title='bbox 881 1543 1064 1579; x_wconf 86' lang='lat' dir='ltr'><strong>nomen</strong></span> <span class='ocrx_word' id='word_1_111' title='bbox 1084 1543 1148 1578; x_wconf 82' lang='lat' dir='ltr'><strong>ex</strong></span> <span class='ocrx_word' id='word_1_112' title='bbox 1168 1530 1411 1598; x_wconf 81' lang='lat' dir='ltr'><strong>Homero,</strong></span> <span class='ocrx_word' id='word_1_113' title='bbox 1432 1538 1489 1582; x_wconf 88' lang='lat' dir='ltr'><strong>et</strong></span> <span class='ocrx_word' id='word_1_114' title='bbox 1511 1533 1626 1584; x_wconf 87' lang='lat' dir='ltr'><strong>aliis</strong></span> <span class='ocrx_word' id='word_1_115' title='bbox 1648 1534 1854 1584; x_wconf 63' lang='lat' dir='ltr'><strong>Poetis:</strong></span> <span class='ocrx_word' id='word_1_116' title='bbox 1876 1536 1988 1599; x_wconf 88' lang='lat' dir='ltr'><strong>ejus</strong></span> <span class='ocrx_word' id='word_1_117' title='bbox 2008 1549 2159 1584; x_wconf 85' lang='lat' dir='ltr'><strong>casus</strong></span> <span class='ocrx_word' id='word_1_118' title='bbox 2179 1534 2469 1599; x_wconf 76' lang='lat' dir='ltr'><strong>Tragoediae</strong></span> <span class='ocrx_word' id='word_1_119' title='bbox 2489 1545 2639 1582; x_wconf 68' lang='lat' dir='ltr'><strong>neno</strong></span> 
     </span>
    </p>
   </div>
   <div class='ocr_carea' id='block_1_13' title="bbox 1426 1680 1640 1730">
    <p class='ocr_par' dir='ltr' id='par_1_13' title="bbox 1426 1680 1640 1730">
     <span class='ocr_line' id='line_1_17' title="bbox 1426 1680 1640 1730; baseline -0.005 0"><span class='ocrx_word' id='word_1_120' title='bbox 1426 1680 1640 1730; x_wconf 78' lang='lat' dir='ltr'><strong>No&#39;rAE</strong></span> 
     </span>
    </p>
   </div>
   <div class='ocr_carea' id='block_1_14' title="bbox 421 1787 1496 4248">
    <p class='ocr_par' dir='ltr' id='par_1_14' title="bbox 424 1787 1492 2226">
     <span class='ocr_line' id='line_1_18' title="bbox 425 1787 1491 1859; baseline 0.004 -21"><span class='ocrx_word' id='word_1_121' title='bbox 425 1787 675 1855; x_wconf 69' lang='lat' dir='ltr'><strong>vigesima</strong></span> <span class='ocrx_word' id='word_1_122' title='bbox 696 1793 861 1856; x_wconf 80' lang='lat' dir='ltr'><strong>prima</strong></span> <span class='ocrx_word' id='word_1_123' title='bbox 889 1794 975 1844; x_wconf 87' lang='lat' dir='ltr'><strong>die</strong></span> <span class='ocrx_word' id='word_1_124' title='bbox 997 1793 1211 1859; x_wconf 80' lang='lat' dir='ltr'><strong>Aprilis.</strong></span> <span class='ocrx_word' id='word_1_125' title='bbox 1279 1794 1491 1843; x_wconf 82' lang='lat' dir='ltr'><strong>Festum</strong></span> 
     </span>
     <span class='ocr_line' id='line_1_19' title="bbox 430 1866 1490 1933; baseline 0.005 -19"><span class='ocrx_word' id='word_1_126' title='bbox 430 1866 657 1930; x_wconf 75' lang='lat' dir='ltr'><strong>agebant</strong></span> <span class='ocrx_word' id='word_1_127' title='bbox 678 1868 745 1916; x_wconf 89' lang='lat' dir='ltr'><strong>ad</strong></span> <span class='ocrx_word' id='word_1_128' title='bbox 765 1870 1016 1920; x_wconf 84' lang='lat' dir='ltr'><strong>arcendos</strong></span> <span class='ocrx_word' id='word_1_129' title='bbox 1039 1870 1188 1933; x_wconf 86' lang='lat' dir='ltr'><strong>lupos</strong></span> <span class='ocrx_word' id='word_1_130' title='bbox 1209 1877 1264 1919; x_wconf 87' lang='lat' dir='ltr'><strong>et</strong></span> <span class='ocrx_word' id='word_1_131' title='bbox 1286 1869 1490 1919; x_wconf 78' lang='lat' dir='ltr'><strong>morbos</strong></span> 
     </span>
     <span class='ocr_line' id='line_1_20' title="bbox 430 1945 1491 2006; baseline 0.006 -16"><span class='ocrx_word' id='word_1_132' title='bbox 430 1956 462 1990; x_wconf 85' lang='lat' dir='ltr'><strong>a</strong></span> <span class='ocrx_word' id='word_1_133' title='bbox 485 1956 712 2006; x_wconf 84' lang='lat' dir='ltr'><strong>pecore:</strong></span> <span class='ocrx_word' id='word_1_134' title='bbox 747 1945 830 1994; x_wconf 84' lang='lat' dir='ltr'><strong>vel</strong></span> <span class='ocrx_word' id='word_1_135' title='bbox 864 1953 924 1996; x_wconf 87' lang='lat' dir='ltr'><strong>ut</strong></span> <span class='ocrx_word' id='word_1_136' title='bbox 958 1945 1086 1996; x_wconf 85' lang='lat' dir='ltr'><strong>felix</strong></span> <span class='ocrx_word' id='word_1_137' title='bbox 1126 1958 1269 1997; x_wconf 83' lang='lat' dir='ltr'><strong>esset</strong></span> <span class='ocrx_word' id='word_1_138' title='bbox 1303 1954 1361 1997; x_wconf 92' lang='lat' dir='ltr'><strong>et</strong></span> <span class='ocrx_word' id='word_1_139' title='bbox 1396 1945 1491 1996; x_wconf 80' lang='lat' dir='ltr'><strong>foe-</strong></span> 
     </span>
     <span class='ocr_line' id='line_1_21' title="bbox 427 2019 1492 2087; baseline 0.005 -19"><span class='ocrx_word' id='word_1_140' title='bbox 427 2019 624 2069; x_wconf 89' lang='lat' dir='ltr'><strong>cundus</strong></span> <span class='ocrx_word' id='word_1_141' title='bbox 660 2022 865 2085; x_wconf 86' lang='lat' dir='ltr'><strong>pecoris</strong></span> <span class='ocrx_word' id='word_1_142' title='bbox 900 2030 1112 2087; x_wconf 81' lang='lat' dir='ltr'><strong>partus:</strong></span> <span class='ocrx_word' id='word_1_143' title='bbox 1149 2025 1287 2073; x_wconf 87' lang='lat' dir='ltr'><strong>unde</strong></span> <span class='ocrx_word' id='word_1_144' title='bbox 1310 2024 1492 2087; x_wconf 76' lang='lat' dir='ltr'><strong>legunt</strong></span> 
     </span>
     <span class='ocr_line' id='line_1_22' title="bbox 427 2096 1490 2165; baseline 0.002 -19"><span class='ocrx_word' id='word_1_145' title='bbox 427 2096 653 2165; x_wconf 86' lang='lat' dir='ltr'><strong>quidam,</strong></span> <span class='ocrx_word' id='word_1_146' title='bbox 687 2098 886 2148; x_wconf 77' lang='lat' dir='ltr'><strong>Parilia.</strong></span> <span class='ocrx_word' id='word_1_147' title='bbox 939 2099 1074 2148; x_wconf 81' lang='lat' dir='ltr'><strong>Vide</strong></span> <span class='ocrx_word' id='word_1_148' title='bbox 1100 2098 1290 2150; x_wconf 86' lang='lat' dir='ltr'><strong>Athen.</strong></span> <span class='ocrx_word' id='word_1_149' title='bbox 1311 2099 1346 2149; x_wconf 91' lang='lat' dir='ltr'><strong>l.</strong></span> <span class='ocrx_word' id='word_1_150' title='bbox 1364 2112 1490 2149; x_wconf 75' lang='lat' dir='ltr'><strong>vin.</strong></span> 
     </span>
     <span class='ocr_line' id='line_1_23' title="bbox 424 2171 1339 2226; baseline 0.001 -4"><span class='ocrx_word' id='word_1_151' title='bbox 424 2172 518 2222; x_wconf 84' lang='lat' dir='ltr'><strong>sub</strong></span> <span class='ocrx_word' id='word_1_152' title='bbox 539 2171 713 2226; x_wconf 84' lang='lat' dir='ltr'><strong>finem.</strong></span> <span class='ocrx_word' id='word_1_153' title='bbox 780 2173 938 2225; x_wconf 82' lang='lat' dir='ltr'><strong>Ovid.</strong></span> <span class='ocrx_word' id='word_1_154' title='bbox 956 2189 1035 2223; x_wconf 80' lang='grc' dir='ltr'><strong>ιν.</strong></span> <span class='ocrx_word' id='word_1_155' title='bbox 1053 2175 1339 2225; x_wconf 85' lang='lat' dir='ltr'><strong>Fastorum.</strong></span> 
     </span>
    </p>

    <p class='ocr_par' dir='ltr' id='par_1_15' title="bbox 422 2248 1494 2986">
     <span class='ocr_line' id='line_1_24' title="bbox 490 2248 1494 2313; baseline 0.001 -14"><span class='ocrx_word' id='word_1_156' title='bbox 490 2248 720 2312; x_wconf 74' lang='lat' dir='ltr'><strong>Famosa]</strong></span> <span class='ocrx_word' id='word_1_157' title='bbox 783 2249 921 2302; x_wconf 84' lang='lat' dir='ltr'><strong>Quia</strong></span> <span class='ocrx_word' id='word_1_158' title='bbox 956 2251 1214 2313; x_wconf 80' lang='lat' dir='ltr'><strong>congestis</strong></span> <span class='ocrx_word' id='word_1_159' title='bbox 1253 2249 1391 2299; x_wconf 76' lang='lat' dir='ltr'><strong>sceno</strong></span> <span class='ocrx_word' id='word_1_160' title='bbox 1436 2258 1494 2300; x_wconf 83' lang='lat' dir='ltr'><strong>et</strong></span> 
     </span>
     <span class='ocr_line' id='line_1_25' title="bbox 425 2322 1492 2388; baseline 0.001 -15"><span class='ocrx_word' id='word_1_161' title='bbox 425 2322 620 2387; x_wconf 86' lang='lat' dir='ltr'><strong>stipula</strong></span> <span class='ocrx_word' id='word_1_162' title='bbox 661 2324 829 2386; x_wconf 78' lang='lat' dir='ltr'><strong>ignem</strong></span> <span class='ocrx_word' id='word_1_163' title='bbox 872 2324 1226 2374; x_wconf 79' lang='lat' dir='ltr'><strong>accendebant</strong></span> <span class='ocrx_word' id='word_1_164' title='bbox 1267 2325 1492 2388; x_wconf 87' lang='lat' dir='ltr'><strong>Rustici,</strong></span> 
     </span>
     <span class='ocr_line' id='line_1_26' title="bbox 422 2398 1490 2466; baseline 0.003 -18"><span class='ocrx_word' id='word_1_165' title='bbox 422 2399 478 2448; x_wconf 86' lang='lat' dir='ltr'><strong>in</strong></span> <span class='ocrx_word' id='word_1_166' title='bbox 503 2398 719 2463; x_wconf 77' lang='lat' dir='ltr'><strong>Paliliis,</strong></span> <span class='ocrx_word' id='word_1_167' title='bbox 743 2398 1189 2466; x_wconf 75' lang='lat' dir='ltr'><strong>transilientesque</strong></span> <span class='ocrx_word' id='word_1_168' title='bbox 1213 2400 1412 2465; x_wconf 86' lang='lat' dir='ltr'><strong>expiari</strong></span> <span class='ocrx_word' id='word_1_169' title='bbox 1435 2417 1490 2451; x_wconf 84' lang='lat' dir='ltr'><strong>se</strong></span> 
     </span>
     <span class='ocr_line' id='line_1_27' title="bbox 426 2474 1490 2527; baseline 0.002 -2"><span class='ocrx_word' id='word_1_170' title='bbox 426 2474 730 2525; x_wconf 86' lang='lat' dir='ltr'><strong>credebant.</strong></span> <span class='ocrx_word' id='word_1_171' title='bbox 815 2475 974 2525; x_wconf 84' lang='lat' dir='ltr'><strong>ovid.</strong></span> <span class='ocrx_word' id='word_1_172' title='bbox 1015 2477 1157 2526; x_wconf 84' lang='lat' dir='ltr'><strong>Fast.</strong></span> <span class='ocrx_word' id='word_1_173' title='bbox 1189 2490 1268 2527; x_wconf 78' lang='grc' dir='ltr'><strong>ιν.</strong></span> <span class='ocrx_word' id='word_1_174' title='bbox 1302 2477 1318 2503; x_wconf 79' lang='lat'><em>⁶</em></span> <span class='ocrx_word' id='word_1_175' title='bbox 1341 2477 1490 2527; x_wconf 86' lang='lat' dir='ltr'><strong>Mox-</strong></span> 
     </span>
     <span class='ocr_line' id='line_1_28' title="bbox 424 2551 1491 2616; baseline 0.001 -14"><span class='ocrx_word' id='word_1_176' title='bbox 424 2566 527 2616; x_wconf 86' lang='lat' dir='ltr'><strong>que</strong></span> <span class='ocrx_word' id='word_1_177' title='bbox 558 2566 656 2616; x_wconf 84' lang='lat' dir='ltr'><strong>per</strong></span> <span class='ocrx_word' id='word_1_178' title='bbox 688 2551 930 2601; x_wconf 77' lang='lat' dir='ltr'><strong>ardentes</strong></span> <span class='ocrx_word' id='word_1_179' title='bbox 952 2551 1159 2616; x_wconf 81' lang='lat' dir='ltr'><strong>stipulae</strong></span> <span class='ocrx_word' id='word_1_180' title='bbox 1185 2553 1491 2616; x_wconf 86' lang='lat' dir='ltr'><strong>crepitantis</strong></span> 
     </span>
     <span class='ocr_line' id='line_1_29' title="bbox 423 2628 1490 2692; baseline -0.001 -12"><span class='ocrx_word' id='word_1_181' title='bbox 423 2643 637 2684; x_wconf 80' lang='lat' dir='ltr'><strong>acervos</strong></span> <span class='ocrx_word' id='word_1_182' title='bbox 651 2628 898 2692; x_wconf 79' lang='lat' dir='ltr'><strong>Trajicias</strong></span> <span class='ocrx_word' id='word_1_183' title='bbox 922 2629 1082 2679; x_wconf 88' lang='lat' dir='ltr'><strong>celeri</strong></span> <span class='ocrx_word' id='word_1_184' title='bbox 1105 2635 1317 2679; x_wconf 86' lang='lat' dir='ltr'><strong>strenua</strong></span> <span class='ocrx_word' id='word_1_185' title='bbox 1334 2645 1490 2680; x_wconf 80' lang='lat' dir='ltr'><strong>mem-</strong></span> 
     </span>
     <span class='ocr_line' id='line_1_30' title="bbox 424 2703 1490 2773; baseline 0 -16"><span class='ocrx_word' id='word_1_186' title='bbox 424 2703 520 2757; x_wconf 80' lang='lat' dir='ltr'><strong>bra</strong></span> <span class='ocrx_word' id='word_1_187' title='bbox 558 2704 728 2769; x_wconf 66' lang='lat' dir='ltr'><strong>pede!</strong></span> <span class='ocrx_word' id='word_1_188' title='bbox 796 2706 866 2755; x_wconf 89' lang='lat' dir='ltr'><strong>Et</strong></span> <span class='ocrx_word' id='word_1_189' title='bbox 906 2712 1061 2772; x_wconf 76' lang='lat' dir='ltr'><strong>post:</strong></span> <span class='ocrx_word' id='word_1_190' title='bbox 1093 2708 1108 2735; x_wconf 90' lang='lat'>‘</span> <span class='ocrx_word' id='word_1_191' title='bbox 1137 2707 1331 2757; x_wconf 83' lang='lat' dir='ltr'><strong>Omnia</strong></span> <span class='ocrx_word' id='word_1_192' title='bbox 1370 2723 1490 2773; x_wconf 85' lang='lat' dir='ltr'><strong>pur·</strong></span> 
     </span>
     <span class='ocr_line' id='line_1_31' title="bbox 428 2782 1491 2849; baseline 0 -16"><span class='ocrx_word' id='word_1_193' title='bbox 428 2789 520 2846; x_wconf 78' lang='lat' dir='ltr'><strong>gat</strong></span> <span class='ocrx_word' id='word_1_194' title='bbox 570 2782 707 2832; x_wconf 82' lang='lat' dir='ltr'><strong>edax</strong></span> <span class='ocrx_word' id='word_1_195' title='bbox 761 2782 915 2847; x_wconf 82' lang='lat' dir='ltr'><strong>ignis,</strong></span> <span class='ocrx_word' id='word_1_196' title='bbox 967 2783 1252 2849; x_wconf 81' lang='lat' dir='ltr'><strong>vitiumque</strong></span> <span class='ocrx_word' id='word_1_197' title='bbox 1293 2785 1491 2835; x_wconf 86' lang='lat' dir='ltr'><strong>metalli</strong></span> 
     </span>
     <span class='ocr_line' id='line_1_32' title="bbox 424 2859 1494 2927; baseline 0.004 -19"><span class='ocrx_word' id='word_1_198' title='bbox 424 2859 713 2925; x_wconf 77' lang='lat' dir='ltr'><strong>Excoquit3</strong></span> <span class='ocrx_word' id='word_1_199' title='bbox 749 2859 944 2910; x_wconf 90' lang='lat' dir='ltr'><strong>idcirco</strong></span> <span class='ocrx_word' id='word_1_200' title='bbox 981 2876 1098 2911; x_wconf 90' lang='lat' dir='ltr'><strong>cum</strong></span> <span class='ocrx_word' id='word_1_201' title='bbox 1135 2861 1267 2912; x_wconf 86' lang='lat' dir='ltr'><strong>duce</strong></span> <span class='ocrx_word' id='word_1_202' title='bbox 1302 2871 1494 2927; x_wconf 84' lang='lat' dir='ltr'><strong>purgat</strong></span> 
     </span>
     <span class='ocr_line' id='line_1_33' title="bbox 426 2937 586 2986; baseline 0.019 -2"><span class='ocrx_word' id='word_1_203' title='bbox 426 2937 586 2986; x_wconf 69' lang='lat' dir='ltr'><strong>oves!</strong></span> 
     </span>
    </p>

    <p class='ocr_par' dir='ltr' id='par_1_16' title="bbox 422 3013 1489 3293">
     <span class='ocr_line' id='line_1_34' title="bbox 488 3013 1488 3077; baseline 0.001 -15"><span class='ocrx_word' id='word_1_204' title='bbox 488 3016 554 3062; x_wconf 73' lang='grc'><strong>73</strong></span> <span class='ocrx_word' id='word_1_205' title='bbox 595 3013 729 3062; x_wconf 75' lang='lat' dir='ltr'><strong>Unde</strong></span> <span class='ocrx_word' id='word_1_206' title='bbox 759 3014 956 3077; x_wconf 74' lang='lat' dir='ltr'><strong>Remus]</strong></span> <span class='ocrx_word' id='word_1_207' title='bbox 990 3015 1107 3066; x_wconf 83' lang='lat' dir='ltr'><strong>Quo</strong></span> <span class='ocrx_word' id='word_1_208' title='bbox 1131 3027 1198 3063; x_wconf 83' lang='lat' dir='ltr'><strong>ex</strong></span> <span class='ocrx_word' id='word_1_209' title='bbox 1221 3028 1346 3077; x_wconf 80' lang='lat' dir='ltr'><strong>agro</strong></span> <span class='ocrx_word' id='word_1_210' title='bbox 1370 3028 1488 3077; x_wconf 86' lang='lat' dir='ltr'><strong>pro-</strong></span> 
     </span>
     <span class='ocr_line' id='line_1_35' title="bbox 426 3085 1489 3139; baseline 0.003 -3"><span class='ocrx_word' id='word_1_211' title='bbox 426 3085 527 3137; x_wconf 86' lang='lat' dir='ltr'><strong>diit</strong></span> <span class='ocrx_word' id='word_1_212' title='bbox 546 3088 739 3138; x_wconf 85' lang='lat' dir='ltr'><strong>Remus</strong></span> <span class='ocrx_word' id='word_1_213' title='bbox 761 3104 875 3137; x_wconf 87' lang='lat' dir='ltr'><strong>cnm</strong></span> <span class='ocrx_word' id='word_1_214' title='bbox 895 3088 1062 3139; x_wconf 84' lang='lat' dir='ltr'><strong>fratre</strong></span> <span class='ocrx_word' id='word_1_215' title='bbox 1085 3089 1286 3139; x_wconf 90' lang='lat' dir='ltr'><strong>scilicet</strong></span> <span class='ocrx_word' id='word_1_216' title='bbox 1305 3091 1489 3139; x_wconf 88' lang='lat' dir='ltr'><strong>Romu-</strong></span> 
     </span>
     <span class='ocr_line' id='line_1_36' title="bbox 423 3165 1488 3225; baseline 0.002 -13"><span class='ocrx_word' id='word_1_217' title='bbox 423 3165 475 3212; x_wconf 91' lang='lat' dir='ltr'><strong>lo</strong></span> <span class='ocrx_word' id='word_1_218' title='bbox 495 3180 512 3225; x_wconf 84' lang='lat'><em>3</em></span> <span class='ocrx_word' id='word_1_219' title='bbox 541 3169 600 3213; x_wconf 90' lang='lat' dir='ltr'><strong>et</strong></span> <span class='ocrx_word' id='word_1_220' title='bbox 627 3165 841 3223; x_wconf 85' lang='lat' dir='ltr'><strong>Romam</strong></span> <span class='ocrx_word' id='word_1_221' title='bbox 860 3165 1203 3215; x_wconf 86' lang='lat' dir='ltr'><strong>condiderunt</strong></span> <span class='ocrx_word' id='word_1_222' title='bbox 1225 3165 1369 3214; x_wconf 82' lang='lat' dir='ltr'><strong>circa</strong></span> <span class='ocrx_word' id='word_1_223' title='bbox 1388 3165 1488 3214; x_wconf 83' lang='lat' dir='ltr'><strong>Pa·</strong></span> 
     </span>
     <span class='ocr_line' id='line_1_37' title="bbox 422 3242 1273 3293; baseline -0.002 -1"><span class='ocrx_word' id='word_1_224' title='bbox 422 3242 647 3293; x_wconf 83' lang='lat' dir='ltr'><strong>liliorum</strong></span> <span class='ocrx_word' id='word_1_225' title='bbox 668 3242 823 3293; x_wconf 88' lang='lat' dir='ltr'><strong>diem.</strong></span> <span class='ocrx_word' id='word_1_226' title='bbox 859 3243 1016 3293; x_wconf 85' lang='lat' dir='ltr'><strong>Ovid.</strong></span> <span class='ocrx_word' id='word_1_227' title='bbox 1035 3245 1174 3293; x_wconf 85' lang='lat' dir='ltr'><strong>Fast.</strong></span> <span class='ocrx_word' id='word_1_228' title='bbox 1195 3256 1273 3291; x_wconf 80' lang='lat' dir='ltr'><strong>xv.</strong></span> 
     </span>
    </p>

    <p class='ocr_par' dir='ltr' id='par_1_17' title="bbox 423 3317 1488 3462">
     <span class='ocr_line' id='line_1_38' title="bbox 489 3317 1488 3385; baseline -0.003 -14"><span class='ocrx_word' id='word_1_229' title='bbox 489 3317 740 3381; x_wconf 62' lang='lat' dir='ltr'><strong>Desidia]</strong></span> <span class='ocrx_word' id='word_1_230' title='bbox 773 3321 1003 3371; x_wconf 79' lang='lat' dir='ltr'><strong>Dentale</strong></span> <span class='ocrx_word' id='word_1_231' title='bbox 1043 3336 1162 3385; x_wconf 83' lang='lat' dir='ltr'><strong>pars</strong></span> <span class='ocrx_word' id='word_1_232' title='bbox 1201 3318 1360 3370; x_wconf 80' lang='lat' dir='ltr'><strong>aratri</strong></span> <span class='ocrx_word' id='word_1_233' title='bbox 1396 3320 1488 3384; x_wconf 84' lang='lat' dir='ltr'><strong>lig-</strong></span> 
     </span>
     <span class='ocr_line' id='line_1_39' title="bbox 423 3397 1150 3462; baseline -0.001 -13"><span class='ocrx_word' id='word_1_234' title='bbox 423 3410 527 3449; x_wconf 75' lang='lat' dir='ltr'><strong>nea</strong></span> <span class='ocrx_word' id='word_1_235' title='bbox 546 3397 628 3447; x_wconf 85' lang='lat' dir='ltr'><strong>cui</strong></span> <span class='ocrx_word' id='word_1_236' title='bbox 651 3397 935 3462; x_wconf 78' lang='lat' dir='ltr'><strong>praefigitur</strong></span> <span class='ocrx_word' id='word_1_237' title='bbox 956 3413 1150 3448; x_wconf 84' lang='lat' dir='ltr'><strong>vomer.</strong></span> 
     </span>
    </p>

    <p class='ocr_par' dir='ltr' id='par_1_18' title="bbox 421 3474 1490 3753">
     <span class='ocr_line' id='line_1_40' title="bbox 496 3474 1490 3541; baseline 0.001 -17"><span class='ocrx_word' id='word_1_238' title='bbox 496 3474 693 3538; x_wconf 72' lang='lat' dir='ltr'><strong>Quinti]</strong></span> <span class='ocrx_word' id='word_1_239' title='bbox 725 3475 877 3526; x_wconf 85' lang='lat' dir='ltr'><strong>Unde</strong></span> <span class='ocrx_word' id='word_1_240' title='bbox 904 3484 958 3525; x_wconf 78' lang='grc' dir='ltr'><strong>ιιι</strong></span> <span class='ocrx_word' id='word_1_241' title='bbox 995 3491 1197 3541; x_wconf 89' lang='lat' dir='ltr'><strong>quoque</strong></span> <span class='ocrx_word' id='word_1_242' title='bbox 1235 3475 1490 3539; x_wconf 83' lang='lat' dir='ltr'><strong>prodiisti,</strong></span> 
     </span>
     <span class='ocr_line' id='line_1_41' title="bbox 423 3543 1490 3618; baseline -0.001 -14"><span class='ocrx_word' id='word_1_243' title='bbox 423 3566 458 3604; x_wconf 83' lang='lat' dir='ltr'><strong>o</strong></span> <span class='ocrx_word' id='word_1_244' title='bbox 494 3552 682 3604; x_wconf 83' lang='lat' dir='ltr'><strong>Quinti</strong></span> <span class='ocrx_word' id='word_1_245' title='bbox 714 3553 1042 3615; x_wconf 75' lang='lat' dir='ltr'><strong>cincinnate,</strong></span> <span class='ocrx_word' id='word_1_246' title='bbox 1085 3543 1279 3618; x_wconf 72' lang='lat' dir='ltr'><strong>qui&#39;ex</strong></span> <span class='ocrx_word' id='word_1_247' title='bbox 1313 3560 1490 3603; x_wconf 85' lang='lat' dir='ltr'><strong>aratro</strong></span> 
     </span>
     <span class='ocr_line' id='line_1_42' title="bbox 424 3626 1490 3686; baseline 0 -8"><span class='ocrx_word' id='word_1_248' title='bbox 424 3626 492 3678; x_wconf 74' lang='lat' dir='ltr'><strong>ad</strong></span> <span class='ocrx_word' id='word_1_249' title='bbox 515 3627 843 3677; x_wconf 73' lang='lat' dir='ltr'><strong>Dictaturam</strong></span> <span class='ocrx_word' id='word_1_250' title='bbox 861 3644 917 3678; x_wconf 91' lang='lat' dir='ltr'><strong>es</strong></span> <span class='ocrx_word' id='word_1_251' title='bbox 937 3636 1201 3686; x_wconf 78' lang='lat' dir='ltr'><strong>evocatus,</strong></span> <span class='ocrx_word' id='word_1_252' title='bbox 1253 3629 1356 3679; x_wconf 78' lang='lat' dir='ltr'><strong>Tit.</strong></span> <span class='ocrx_word' id='word_1_253' title='bbox 1377 3629 1490 3678; x_wconf 74' lang='lat' dir='ltr'><strong>Liv.</strong></span> 
     </span>
     <span class='ocr_line' id='line_1_43' title="bbox 421 3700 570 3753; baseline 0.013 -3"><span class='ocrx_word' id='word_1_254' title='bbox 421 3700 460 3753; x_wconf 89' lang='lat' dir='ltr'><strong>l.</strong></span> <span class='ocrx_word' id='word_1_255' title='bbox 481 3714 570 3752; x_wconf 87' lang='grc' dir='ltr'><strong>ιιι.</strong></span> 
     </span>
    </p>

    <p class='ocr_par' dir='ltr' id='par_1_19' title="bbox 421 3781 1496 4248">
     <span class='ocr_line' id='line_1_44' title="bbox 488 3781 1496 3846; baseline 0.001 -15"><span class='ocrx_word' id='word_1_256' title='bbox 488 3784 554 3831; x_wconf 81' lang='grc'><strong>74</strong></span> <span class='ocrx_word' id='word_1_257' title='bbox 594 3781 892 3830; x_wconf 65' lang='lat' dir='ltr'><strong>Dictator-em</strong></span> <span class='ocrx_word' id='word_1_258' title='bbox 943 3782 1122 3846; x_wconf 70' lang='lat' dir='ltr'><strong>induit]</strong></span> <span class='ocrx_word' id='word_1_259' title='bbox 1198 3783 1496 3845; x_wconf 84' lang='lat' dir='ltr'><strong>Dictatura,</strong></span> 
     </span>
     <span class='ocr_line' id='line_1_45' title="bbox 426 3856 1490 3921; baseline 0.003 -16"><span class='ocrx_word' id='word_1_260' title='bbox 426 3870 653 3906; x_wconf 84' lang='lat' dir='ltr'><strong>summus</strong></span> <span class='ocrx_word' id='word_1_261' title='bbox 670 3856 1015 3906; x_wconf 81' lang='lat' dir='ltr'><strong>Romanorum</strong></span> <span class='ocrx_word' id='word_1_262' title='bbox 1037 3858 1376 3921; x_wconf 72' lang='lat' dir='ltr'><strong>Magistratus</strong></span> <span class='ocrx_word' id='word_1_263' title='bbox 1400 3873 1490 3908; x_wconf 81' lang='lat' dir='ltr'><strong>sex</strong></span> 
     </span>
     <span class='ocr_line' id='line_1_46' title="bbox 425 3932 1490 3992; baseline 0 -9"><span class='ocrx_word' id='word_1_264' title='bbox 425 3932 687 3992; x_wconf 79' lang='lat' dir='ltr'><strong>mensibus</strong></span> <span class='ocrx_word' id='word_1_265' title='bbox 706 3932 929 3981; x_wconf 81' lang='lat' dir='ltr'><strong>durabat</strong></span> <span class='ocrx_word' id='word_1_266' title='bbox 947 3949 959 3981; x_wconf 72' lang='grc' dir='ltr'><em>τ</em></span> <span class='ocrx_word' id='word_1_267' title='bbox 979 3933 1172 3983; x_wconf 81' lang='lat' dir='ltr'><strong>licebat</strong></span> <span class='ocrx_word' id='word_1_268' title='bbox 1187 3939 1356 3983; x_wconf 81' lang='lat' dir='ltr'><strong>tamen</strong></span> <span class='ocrx_word' id='word_1_269' title='bbox 1370 3942 1490 3984; x_wconf 84' lang='lat' dir='ltr'><strong>ante</strong></span> 
     </span>
     <span class='ocr_line' id='line_1_47' title="bbox 423 4008 1490 4076; baseline -0.002 -14"><span class='ocrx_word' id='word_1_270' title='bbox 423 4016 632 4076; x_wconf 84' lang='lat' dir='ltr'><strong>tempus</strong></span> <span class='ocrx_word' id='word_1_271' title='bbox 650 4008 925 4060; x_wconf 84' lang='lat' dir='ltr'><strong>abdicare:</strong></span> <span class='ocrx_word' id='word_1_272' title='bbox 968 4010 1104 4074; x_wconf 85' lang='lat' dir='ltr'><strong>quod</strong></span> <span class='ocrx_word' id='word_1_273' title='bbox 1129 4008 1259 4059; x_wconf 86' lang='lat' dir='ltr'><strong>fecit</strong></span> <span class='ocrx_word' id='word_1_274' title='bbox 1303 4010 1490 4060; x_wconf 85' lang='lat' dir='ltr'><strong>Lucius</strong></span> 
     </span>
     <span class='ocr_line' id='line_1_48' title="bbox 421 4083 1490 4151; baseline 0.002 -17"><span class='ocrx_word' id='word_1_275' title='bbox 421 4085 510 4136; x_wconf 85' lang='lat' dir='ltr'><strong>ille</strong></span> <span class='ocrx_word' id='word_1_276' title='bbox 533 4085 799 4148; x_wconf 72' lang='lat' dir='ltr'><strong>Quintius,</strong></span> <span class='ocrx_word' id='word_1_277' title='bbox 837 4094 955 4151; x_wconf 81' lang='lat' dir='ltr'><strong>post</strong></span> <span class='ocrx_word' id='word_1_278' title='bbox 986 4084 1094 4134; x_wconf 87' lang='lat' dir='ltr'><strong>dies</strong></span> <span class='ocrx_word' id='word_1_279' title='bbox 1111 4083 1392 4147; x_wconf 77' lang='lat' dir='ltr'><strong>sexdecim,</strong></span> <span class='ocrx_word' id='word_1_280' title='bbox 1413 4100 1490 4136; x_wconf 88' lang='lat' dir='ltr'><strong>re·</strong></span> 
     </span>
     <span class='ocr_line' id='line_1_49' title="bbox 425 4159 1491 4248; baseline 0.003 -36"><span class='ocrx_word' id='word_1_281' title='bbox 425 4159 625 4248; x_wconf 57' lang='lat' dir='ltr'><strong>gliitque</strong></span> <span class='ocrx_word' id='word_1_282' title='bbox 653 4162 732 4234; x_wconf 22' lang='lat' dir='ltr'><strong>*ad</strong></span> <span class='ocrx_word' id='word_1_283' title='bbox 767 4176 898 4232; x_wconf 78' lang='lat' dir='ltr'><strong>opus</strong></span> <span class='ocrx_word' id='word_1_284' title='bbox 919 4160 1187 4227; x_wconf 83' lang='lat' dir='ltr'><strong>rusticum,</strong></span> <span class='ocrx_word' id='word_1_285' title='bbox 1217 4167 1491 4228; x_wconf 78' lang='lat' dir='ltr'><strong>postquam</strong></span> 
     </span>
    </p>
   </div>
   <div class='ocr_carea' id='block_1_15' title="bbox 1566 1790 2649 4238">
    <p class='ocr_par' dir='ltr' id='par_1_20' title="bbox 1570 1790 2644 2164">
     <span class='ocr_line' id='line_1_50' title="bbox 1572 1790 2641 1851; baseline -0.003 -9"><span class='ocrx_word' id='word_1_286' title='bbox 1572 1807 1683 1843; x_wconf 84' lang='lat' dir='ltr'><strong>rem</strong></span> <span class='ocrx_word' id='word_1_287' title='bbox 1738 1794 2021 1844; x_wconf 79' lang='lat' dir='ltr'><strong>Romanam</strong></span> <span class='ocrx_word' id='word_1_288' title='bbox 2058 1790 2112 1841; x_wconf 89' lang='lat' dir='ltr'><strong>in</strong></span> <span class='ocrx_word' id='word_1_289' title='bbox 2159 1797 2275 1841; x_wconf 88' lang='lat' dir='ltr'><strong>tuto</strong></span> <span class='ocrx_word' id='word_1_290' title='bbox 2318 1791 2641 1851; x_wconf 83' lang='lat' dir='ltr'><strong>collocasset,</strong></span> 
     </span>
     <span class='ocr_line' id='line_1_51' title="bbox 1572 1868 2636 1932; baseline -0.003 -14"><span class='ocrx_word' id='word_1_291' title='bbox 1572 1871 1790 1922; x_wconf 83' lang='lat' dir='ltr'><strong>liberato</strong></span> <span class='ocrx_word' id='word_1_292' title='bbox 1824 1870 2046 1920; x_wconf 83' lang='lat' dir='ltr'><strong>Consule</strong></span> <span class='ocrx_word' id='word_1_293' title='bbox 2093 1869 2155 1917; x_wconf 87' lang='lat' dir='ltr'><strong>L.</strong></span> <span class='ocrx_word' id='word_1_294' title='bbox 2199 1868 2446 1930; x_wconf 84' lang='lat' dir='ltr'><strong>Minutio,</strong></span> <span class='ocrx_word' id='word_1_295' title='bbox 2483 1880 2636 1932; x_wconf 81' lang='lat' dir='ltr'><strong>quem</strong></span> 
     </span>
     <span class='ocr_line' id='line_1_52' title="bbox 1570 1941 2637 2008; baseline -0.006 -12"><span class='ocrx_word' id='word_1_296' title='bbox 1570 1946 1835 1996; x_wconf 83' lang='lat' dir='ltr'><strong>obsessum</strong></span> <span class='ocrx_word' id='word_1_297' title='bbox 1871 1946 1925 1994; x_wconf 87' lang='lat' dir='ltr'><strong>iu</strong></span> <span class='ocrx_word' id='word_1_298' title='bbox 1969 1943 2159 2008; x_wconf 79' lang='lat' dir='ltr'><strong>Algido</strong></span> <span class='ocrx_word' id='word_1_299' title='bbox 2181 1949 2356 1992; x_wconf 87' lang='lat' dir='ltr'><strong>monte</strong></span> <span class='ocrx_word' id='word_1_300' title='bbox 2381 1943 2491 2007; x_wconf 79' lang='lat' dir='ltr'><strong>jam</strong></span> <span class='ocrx_word' id='word_1_301' title='bbox 2527 1941 2637 1991; x_wconf 89' lang='lat' dir='ltr'><strong>dies</strong></span> 
     </span>
     <span class='ocr_line' id='line_1_53' title="bbox 1571 2016 2644 2087; baseline -0.005 -16"><span class='ocrx_word' id='word_1_302' title='bbox 1571 2023 1768 2087; x_wconf 76' lang='lat' dir='ltr'><strong>aliquot</strong></span> <span class='ocrx_word' id='word_1_303' title='bbox 1813 2020 2058 2071; x_wconf 82' lang='lat' dir='ltr'><strong>tenebant</strong></span> <span class='ocrx_word' id='word_1_304' title='bbox 2102 2018 2248 2083; x_wconf 75' lang='lat' dir='ltr'><strong>AEqui</strong></span> <span class='ocrx_word' id='word_1_305' title='bbox 2288 2019 2479 2067; x_wconf 86' lang='lat' dir='ltr'><strong>hostes.</strong></span> <span class='ocrx_word' id='word_1_306' title='bbox 2535 2016 2644 2066; x_wconf 84' lang='lat' dir='ltr'><strong>Tit.</strong></span> 
     </span>
     <span class='ocr_line' id='line_1_54' title="bbox 1571 2096 2346 2164; baseline -0.004 -15"><span class='ocrx_word' id='word_1_307' title='bbox 1571 2100 1686 2150; x_wconf 83' lang='lat' dir='ltr'><strong>Liv.</strong></span> <span class='ocrx_word' id='word_1_308' title='bbox 1710 2114 1794 2149; x_wconf 89' lang='grc' dir='ltr'><strong>ιιι.</strong></span> <span class='ocrx_word' id='word_1_309' title='bbox 1816 2103 1899 2150; x_wconf 81' lang='grc'><strong>27.</strong></span> <span class='ocrx_word' id='word_1_310' title='bbox 1924 2103 1978 2148; x_wconf 89' lang='lat' dir='ltr'><strong>et</strong></span> <span class='ocrx_word' id='word_1_311' title='bbox 1997 2096 2346 2164; x_wconf 82' lang='lat' dir='ltr'><strong>sequentibus.</strong></span> 
     </span>
    </p>

    <p class='ocr_par' dir='ltr' id='par_1_21' title="bbox 1573 2172 2643 2453">
     <span class='ocr_line' id='line_1_55' title="bbox 1644 2172 2640 2241; baseline -0.002 -15"><span class='ocrx_word' id='word_1_312' title='bbox 1644 2177 1800 2241; x_wconf 70' lang='lat' dir='ltr'><strong>Uxor]</strong></span> <span class='ocrx_word' id='word_1_313' title='bbox 1832 2175 2060 2226; x_wconf 85' lang='lat' dir='ltr'><strong>Racilia:</strong></span> <span class='ocrx_word' id='word_1_314' title='bbox 2116 2174 2318 2238; x_wconf 74' lang='lat' dir='ltr'><strong>trepida,</strong></span> <span class='ocrx_word' id='word_1_315' title='bbox 2371 2172 2480 2222; x_wconf 79' lang='lat' dir='ltr'><strong>sive</strong></span> <span class='ocrx_word' id='word_1_316' title='bbox 2532 2185 2640 2237; x_wconf 62' lang='grc' dir='ltr'><strong>με</strong></span> 
     </span>
     <span class='ocr_line' id='line_1_56' title="bbox 1575 2248 2643 2315; baseline 0 -15"><span class='ocrx_word' id='word_1_317' title='bbox 1575 2252 1783 2315; x_wconf 76' lang='lat' dir='ltr'><strong>gaudio,</strong></span> <span class='ocrx_word' id='word_1_318' title='bbox 1810 2251 1919 2301; x_wconf 83' lang='lat' dir='ltr'><strong>sive</strong></span> <span class='ocrx_word' id='word_1_319' title='bbox 1945 2266 2055 2315; x_wconf 77' lang='lat' dir='ltr'><strong>proe</strong></span> <span class='ocrx_word' id='word_1_320' title='bbox 2077 2257 2291 2315; x_wconf 85' lang='lat' dir='ltr'><strong>stupore</strong></span> <span class='ocrx_word' id='word_1_321' title='bbox 2316 2248 2381 2299; x_wconf 89' lang='lat' dir='ltr'><strong>ob</strong></span> <span class='ocrx_word' id='word_1_322' title='bbox 2402 2249 2643 2315; x_wconf 81' lang='lat' dir='ltr'><strong>inexpec-</strong></span> 
     </span>
     <span class='ocr_line' id='line_1_57' title="bbox 1573 2326 2641 2392; baseline -0.001 -15"><span class='ocrx_word' id='word_1_323' title='bbox 1573 2334 1735 2388; x_wconf 80' lang='lat' dir='ltr'><strong>tatum</strong></span> <span class='ocrx_word' id='word_1_324' title='bbox 1774 2328 2039 2392; x_wconf 85' lang='lat' dir='ltr'><strong>bonorem,</strong></span> <span class='ocrx_word' id='word_1_325' title='bbox 2077 2334 2133 2377; x_wconf 90' lang='lat' dir='ltr'><strong>et</strong></span> <span class='ocrx_word' id='word_1_326' title='bbox 2168 2326 2446 2376; x_wconf 84' lang='lat' dir='ltr'><strong>discrimen</strong></span> <span class='ocrx_word' id='word_1_327' title='bbox 2469 2340 2641 2376; x_wconf 88' lang='lat' dir='ltr'><strong>rerum</strong></span> 
     </span>
     <span class='ocr_line' id='line_1_58' title="bbox 1574 2403 1941 2453; baseline 0 0"><span class='ocrx_word' id='word_1_328' title='bbox 1574 2403 1941 2453; x_wconf 83' lang='lat' dir='ltr'><strong>Romanarum.</strong></span> 
     </span>
    </p>

    <p class='ocr_par' dir='ltr' id='par_1_22' title="bbox 1569 2477 2645 2759">
     <span class='ocr_line' id='line_1_59' title="bbox 1636 2477 2639 2541; baseline 0.001 -15"><span class='ocrx_word' id='word_1_329' title='bbox 1636 2482 1699 2527; x_wconf 76' lang='lat'><strong>⁷5</strong></span> <span class='ocrx_word' id='word_1_330' title='bbox 1736 2480 1879 2541; x_wconf 69' lang='lat' dir='ltr'><strong>Euge</strong></span> <span class='ocrx_word' id='word_1_331' title='bbox 1910 2477 2088 2540; x_wconf 55' lang='lat' dir='ltr'><strong>Poeta]</strong></span> <span class='ocrx_word' id='word_1_332' title='bbox 2125 2479 2272 2527; x_wconf 89' lang='lat' dir='ltr'><strong>Bono</strong></span> <span class='ocrx_word' id='word_1_333' title='bbox 2305 2484 2418 2526; x_wconf 83' lang='lat' dir='ltr'><strong>esto</strong></span> <span class='ocrx_word' id='word_1_334' title='bbox 2437 2477 2639 2527; x_wconf 84' lang='lat' dir='ltr'><strong>animo:</strong></span> 
     </span>
     <span class='ocr_line' id='line_1_60' title="bbox 1572 2552 2645 2617; baseline 0 -14"><span class='ocrx_word' id='word_1_335' title='bbox 1572 2567 1639 2603; x_wconf 89' lang='lat' dir='ltr'><strong>en</strong></span> <span class='ocrx_word' id='word_1_336' title='bbox 1662 2554 1748 2602; x_wconf 80' lang='lat' dir='ltr'><strong>alii</strong></span> <span class='ocrx_word' id='word_1_337' title='bbox 1782 2560 1958 2604; x_wconf 83' lang='lat' dir='ltr'><strong>tecum</strong></span> <span class='ocrx_word' id='word_1_338' title='bbox 2002 2559 2177 2603; x_wconf 86' lang='lat' dir='ltr'><strong>amant</strong></span> <span class='ocrx_word' id='word_1_339' title='bbox 2217 2553 2371 2602; x_wconf 84' lang='lat' dir='ltr'><strong>etiam</strong></span> <span class='ocrx_word' id='word_1_340' title='bbox 2412 2552 2645 2617; x_wconf 81' lang='lat' dir='ltr'><strong>antiqua,</strong></span> 
     </span>
     <span class='ocr_line' id='line_1_61' title="bbox 1573 2627 2645 2695; baseline -0.005 -14"><span class='ocrx_word' id='word_1_341' title='bbox 1573 2629 1824 2695; x_wconf 85' lang='lat' dir='ltr'><strong>obsoleta,</strong></span> <span class='ocrx_word' id='word_1_342' title='bbox 1858 2630 2082 2694; x_wconf 78' lang='lat' dir='ltr'><strong>turgida.</strong></span> <span class='ocrx_word' id='word_1_343' title='bbox 2162 2629 2386 2693; x_wconf 88' lang='lat' dir='ltr'><strong>Ironice‚</strong></span> <span class='ocrx_word' id='word_1_344' title='bbox 2424 2635 2478 2678; x_wconf 89' lang='lat' dir='ltr'><strong>et</strong></span> <span class='ocrx_word' id='word_1_345' title='bbox 2524 2627 2645 2677; x_wconf 84' lang='lat' dir='ltr'><strong>sati·</strong></span> 
     </span>
     <span class='ocr_line' id='line_1_62' title="bbox 1569 2722 1696 2759; baseline 0.024 -3"><span class='ocrx_word' id='word_1_346' title='bbox 1569 2722 1696 2759; x_wconf 84' lang='lat' dir='ltr'><strong>nce.</strong></span> 
     </span>
    </p>

    <p class='ocr_par' dir='ltr' id='par_1_23' title="bbox 1566 2781 2645 3609">
     <span class='ocr_line' id='line_1_63' title="bbox 1632 2781 2639 2848; baseline -0.003 -13"><span class='ocrx_word' id='word_1_347' title='bbox 1632 2787 1698 2835; x_wconf 80' lang='grc'><strong>76</strong></span> <span class='ocrx_word' id='word_1_348' title='bbox 1730 2783 1941 2848; x_wconf 63' lang='lat' dir='ltr'><strong>Briseis]</strong></span> <span class='ocrx_word' id='word_1_349' title='bbox 1988 2783 2076 2834; x_wconf 86' lang='lat' dir='ltr'><strong>Sic</strong></span> <span class='ocrx_word' id='word_1_350' title='bbox 2116 2782 2279 2848; x_wconf 78' lang='lat' dir='ltr'><strong>magis</strong></span> <span class='ocrx_word' id='word_1_351' title='bbox 2315 2781 2490 2846; x_wconf 82' lang='lat' dir='ltr'><strong>placet</strong></span> <span class='ocrx_word' id='word_1_352' title='bbox 2524 2795 2639 2832; x_wconf 77' lang='lat' dir='ltr'><strong>curn</strong></span> 
     </span>
     <span class='ocr_line' id='line_1_64' title="bbox 1569 2858 2643 2926; baseline -0.005 -15"><span class='ocrx_word' id='word_1_353' title='bbox 1569 2861 1679 2911; x_wconf 84' lang='lat' dir='ltr'><strong>aliis</strong></span> <span class='ocrx_word' id='word_1_354' title='bbox 1701 2864 1895 2926; x_wconf 78' lang='lat' dir='ltr'><strong>legere,</strong></span> <span class='ocrx_word' id='word_1_355' title='bbox 1915 2860 2122 2921; x_wconf 71' lang='lat' dir='ltr'><strong>Briseis,</strong></span> <span class='ocrx_word' id='word_1_356' title='bbox 2144 2858 2305 2923; x_wconf 89' lang='lat' dir='ltr'><strong>(quod</strong></span> <span class='ocrx_word' id='word_1_357' title='bbox 2340 2872 2523 2908; x_wconf 87' lang='lat' dir='ltr'><strong>nomen</strong></span> <span class='ocrx_word' id='word_1_358' title='bbox 2549 2870 2643 2922; x_wconf 80' lang='lat' dir='ltr'><strong>pu-</strong></span> 
     </span>
     <span class='ocr_line' id='line_1_65' title="bbox 1573 2933 2641 2999; baseline -0.003 -14"><span class='ocrx_word' id='word_1_359' title='bbox 1573 2939 1687 2986; x_wconf 84' lang='lat' dir='ltr'><strong>ellae</strong></span> <span class='ocrx_word' id='word_1_360' title='bbox 1713 2944 1812 2999; x_wconf 88' lang='lat' dir='ltr'><strong>est,</strong></span> <span class='ocrx_word' id='word_1_361' title='bbox 1855 2936 1921 2985; x_wconf 88' lang='lat' dir='ltr'><strong>de</strong></span> <span class='ocrx_word' id='word_1_362' title='bbox 1960 2949 2059 2999; x_wconf 81' lang='lat' dir='ltr'><strong>qua</strong></span> <span class='ocrx_word' id='word_1_363' title='bbox 2095 2935 2355 2983; x_wconf 85' lang='lat' dir='ltr'><strong>Homerus</strong></span> <span class='ocrx_word' id='word_1_364' title='bbox 2377 2934 2562 2998; x_wconf 81' lang='lat' dir='ltr'><strong>passim</strong></span> <span class='ocrx_word' id='word_1_365' title='bbox 2588 2933 2641 2982; x_wconf 91' lang='lat' dir='ltr'><strong>in</strong></span> 
     </span>
     <span class='ocr_line' id='line_1_66' title="bbox 1570 3007 2642 3074; baseline -0.005 -13"><span class='ocrx_word' id='word_1_366' title='bbox 1570 3012 1754 3074; x_wconf 83' lang='lat' dir='ltr'><strong>Iliade,</strong></span> <span class='ocrx_word' id='word_1_367' title='bbox 1768 3017 1824 3059; x_wconf 87' lang='lat' dir='ltr'><strong>et</strong></span> <span class='ocrx_word' id='word_1_368' title='bbox 1839 3009 1992 3060; x_wconf 76' lang='lat' dir='ltr'><strong>ovid.</strong></span> <span class='ocrx_word' id='word_1_369' title='bbox 2008 3010 2176 3073; x_wconf 77' lang='lat' dir='ltr'><strong>Epist.</strong></span> <span class='ocrx_word' id='word_1_370' title='bbox 2194 3007 2269 3074; x_wconf 70' lang='grc'><strong>8.)</strong></span> <span class='ocrx_word' id='word_1_371' title='bbox 2291 3015 2351 3059; x_wconf 91' lang='lat' dir='ltr'><strong>ut</strong></span> <span class='ocrx_word' id='word_1_372' title='bbox 2368 3009 2438 3059; x_wconf 82' lang='lat' dir='ltr'><strong>sit</strong></span> <span class='ocrx_word' id='word_1_373' title='bbox 2460 3009 2642 3058; x_wconf 85' lang='lat' dir='ltr'><strong>titulus</strong></span> 
     </span>
     <span class='ocr_line' id='line_1_67' title="bbox 1567 3084 2643 3150; baseline -0.001 -15"><span class='ocrx_word' id='word_1_374' title='bbox 1567 3085 1857 3148; x_wconf 73' lang='lat' dir='ltr'><strong>Tragoediae</strong></span> <span class='ocrx_word' id='word_1_375' title='bbox 1894 3084 1959 3133; x_wconf 87' lang='lat' dir='ltr'><strong>ab</strong></span> <span class='ocrx_word' id='word_1_376' title='bbox 1991 3084 2159 3134; x_wconf 85' lang='lat' dir='ltr'><strong>Accio</strong></span> <span class='ocrx_word' id='word_1_377' title='bbox 2195 3084 2442 3150; x_wconf 59' lang='lat' dir='ltr'><strong>scripum</strong></span> <span class='ocrx_word' id='word_1_378' title='bbox 2468 3097 2643 3148; x_wconf 85' lang='lat' dir='ltr'><strong>quem·</strong></span> 
     </span>
     <span class='ocr_line' id='line_1_68' title="bbox 1571 3160 2643 3226; baseline -0.002 -15"><span class='ocrx_word' id='word_1_379' title='bbox 1571 3162 1846 3211; x_wconf 82' lang='lat' dir='ltr'><strong>admodum</strong></span> <span class='ocrx_word' id='word_1_380' title='bbox 1879 3161 2092 3226; x_wconf 84' lang='lat' dir='ltr'><strong>ponitur</strong></span> <span class='ocrx_word' id='word_1_381' title='bbox 2128 3176 2247 3210; x_wconf 83' lang='lat' dir='ltr'><strong>mox</strong></span> <span class='ocrx_word' id='word_1_382' title='bbox 2289 3160 2521 3224; x_wconf 81' lang='lat' dir='ltr'><strong>Antiopa</strong></span> <span class='ocrx_word' id='word_1_383' title='bbox 2537 3160 2643 3209; x_wconf 87' lang='lat' dir='ltr'><strong>Pa·</strong></span> 
     </span>
     <span class='ocr_line' id='line_1_69' title="bbox 1566 3236 2645 3303; baseline -0.001 -15"><span class='ocrx_word' id='word_1_384' title='bbox 1566 3239 2011 3303; x_wconf 81' lang='lat' dir='ltr'><strong>cuviiTragoedia.</strong></span> <span class='ocrx_word' id='word_1_385' title='bbox 2079 3236 2185 3287; x_wconf 83' lang='lat' dir='ltr'><strong>Alii</strong></span> <span class='ocrx_word' id='word_1_386' title='bbox 2223 3239 2423 3302; x_wconf 84' lang='lat' dir='ltr'><strong>legunt,</strong></span> <span class='ocrx_word' id='word_1_387' title='bbox 2446 3237 2645 3297; x_wconf 63' lang='lat' dir='ltr'><strong>Breuci,-</strong></span> 
     </span>
     <span class='ocr_line' id='line_1_70' title="bbox 1568 3312 2644 3381; baseline -0.002 -16"><span class='ocrx_word' id='word_1_388' title='bbox 1568 3314 1706 3381; x_wconf 89' lang='lat' dir='ltr'><strong>quod</strong></span> <span class='ocrx_word' id='word_1_389' title='bbox 1739 3315 1933 3366; x_wconf 82' lang='lat' dir='ltr'><strong>Bacchi</strong></span> <span class='ocrx_word' id='word_1_390' title='bbox 1969 3329 2254 3380; x_wconf 79' lang='lat' dir='ltr'><strong>cognomen</strong></span> <span class='ocrx_word' id='word_1_391' title='bbox 2276 3313 2519 3363; x_wconf 87' lang='lat' dir='ltr'><strong>tribuitur</strong></span> <span class='ocrx_word' id='word_1_392' title='bbox 2543 3312 2644 3363; x_wconf 82' lang='lat' dir='ltr'><strong>Ac·</strong></span> 
     </span>
     <span class='ocr_line' id='line_1_71' title="bbox 1569 3390 2643 3458; baseline -0.003 -16"><span class='ocrx_word' id='word_1_393' title='bbox 1569 3392 1669 3453; x_wconf 88' lang='lat' dir='ltr'><strong>cio,</strong></span> <span class='ocrx_word' id='word_1_394' title='bbox 1691 3393 1771 3441; x_wconf 86' lang='lat' dir='ltr'><strong>vel</strong></span> <span class='ocrx_word' id='word_1_395' title='bbox 1795 3393 1932 3458; x_wconf 89' lang='lat' dir='ltr'><strong>quod</strong></span> <span class='ocrx_word' id='word_1_396' title='bbox 1952 3392 2003 3440; x_wconf 88' lang='lat' dir='ltr'><strong>in</strong></span> <span class='ocrx_word' id='word_1_397' title='bbox 2039 3391 2235 3440; x_wconf 84' lang='lat' dir='ltr'><strong>Bacchi</strong></span> <span class='ocrx_word' id='word_1_398' title='bbox 2260 3390 2501 3440; x_wconf 84' lang='lat' dir='ltr'><strong>clientela</strong></span> <span class='ocrx_word' id='word_1_399' title='bbox 2522 3397 2643 3439; x_wconf 85' lang='lat' dir='ltr'><strong>suut</strong></span> 
     </span>
     <span class='ocr_line' id='line_1_72' title="bbox 1572 3467 2641 3532; baseline -0.002 -14"><span class='ocrx_word' id='word_1_400' title='bbox 1572 3468 1753 3518; x_wconf 66' lang='lat' dir='ltr'><strong>Poetae</strong></span> <span class='ocrx_word' id='word_1_401' title='bbox 1774 3468 1997 3532; x_wconf 84' lang='lat' dir='ltr'><strong>Tragici,</strong></span> <span class='ocrx_word' id='word_1_402' title='bbox 2012 3469 2095 3517; x_wconf 85' lang='lat' dir='ltr'><strong>vel</strong></span> <span class='ocrx_word' id='word_1_403' title='bbox 2114 3467 2252 3532; x_wconf 88' lang='lat' dir='ltr'><strong>quod</strong></span> <span class='ocrx_word' id='word_1_404' title='bbox 2267 3468 2497 3518; x_wconf 79' lang='lat' dir='ltr'><strong>Bacchas</strong></span> <span class='ocrx_word' id='word_1_405' title='bbox 2509 3467 2641 3516; x_wconf 83' lang='lat' dir='ltr'><strong>Tra-</strong></span> 
     </span>
     <span class='ocr_line' id='line_1_73' title="bbox 1572 3545 2108 3609; baseline -0.002 -15"><span class='ocrx_word' id='word_1_406' title='bbox 1572 3545 1791 3609; x_wconf 84' lang='lat' dir='ltr'><strong>goediam</strong></span> <span class='ocrx_word' id='word_1_407' title='bbox 1808 3546 2108 3607; x_wconf 83' lang='lat' dir='ltr'><strong>scripserat.</strong></span> 
     </span>
    </p>

    <p class='ocr_par' dir='ltr' id='par_1_24' title="bbox 1572 3619 2649 3994">
     <span class='ocr_line' id='line_1_74' title="bbox 1647 3619 2641 3685; baseline -0.001 -14"><span class='ocrx_word' id='word_1_408' title='bbox 1647 3621 1851 3671; x_wconf 79' lang='lat' dir='ltr'><strong>Venosus</strong></span> <span class='ocrx_word' id='word_1_409' title='bbox 1888 3619 2031 3682; x_wconf 76' lang='lat' dir='ltr'><strong>liber]</strong></span> <span class='ocrx_word' id='word_1_410' title='bbox 2084 3620 2244 3673; x_wconf 82' lang='lat' dir='ltr'><strong>Quasi</strong></span> <span class='ocrx_word' id='word_1_411' title='bbox 2282 3621 2427 3669; x_wconf 81' lang='lat' dir='ltr'><strong>venis</strong></span> <span class='ocrx_word' id='word_1_412' title='bbox 2452 3621 2641 3685; x_wconf 85' lang='lat' dir='ltr'><strong>promi·</strong></span> 
     </span>
     <span class='ocr_line' id='line_1_75' title="bbox 1573 3697 2642 3762; baseline 0 -16"><span class='ocrx_word' id='word_1_413' title='bbox 1573 3697 1813 3746; x_wconf 82' lang='lat' dir='ltr'><strong>uentibus</strong></span> <span class='ocrx_word' id='word_1_414' title='bbox 1858 3704 2077 3746; x_wconf 88' lang='lat' dir='ltr'><strong>tumens.</strong></span> <span class='ocrx_word' id='word_1_415' title='bbox 2142 3697 2306 3746; x_wconf 89' lang='lat' dir='ltr'><strong>Porro</strong></span> <span class='ocrx_word' id='word_1_416' title='bbox 2345 3698 2467 3762; x_wconf 83' lang='lat' dir='ltr'><strong>quid</strong></span> <span class='ocrx_word' id='word_1_417' title='bbox 2509 3697 2642 3746; x_wconf 83' lang='lat' dir='ltr'><strong>Tur-</strong></span> 
     </span>
     <span class='ocr_line' id='line_1_76' title="bbox 1572 3773 2649 3838; baseline 0.002 -16"><span class='ocrx_word' id='word_1_418' title='bbox 1572 3773 1761 3823; x_wconf 76' lang='lat' dir='ltr'><strong>nebum</strong></span> <span class='ocrx_word' id='word_1_419' title='bbox 1805 3774 2023 3823; x_wconf 84' lang='lat' dir='ltr'><strong>moverit</strong></span> <span class='ocrx_word' id='word_1_420' title='bbox 2067 3782 2125 3823; x_wconf 90' lang='lat' dir='ltr'><strong>ut</strong></span> <span class='ocrx_word' id='word_1_421' title='bbox 2174 3774 2450 3838; x_wconf 78' lang='lat' dir='ltr'><strong>legendum</strong></span> <span class='ocrx_word' id='word_1_422' title='bbox 2508 3788 2649 3838; x_wconf 82' lang='lat' dir='ltr'><strong>esse,</strong></span> 
     </span>
     <span class='ocr_line' id='line_1_77' title="bbox 1573 3853 2637 3917; baseline 0.001 -17"><span class='ocrx_word' id='word_1_423' title='bbox 1573 3867 1798 3917; x_wconf 75' lang='lat' dir='ltr'><strong>aoevosus,</strong></span> <span class='ocrx_word' id='word_1_424' title='bbox 1815 3853 2189 3917; x_wconf 83' lang='lat' dir='ltr'><strong>suspicaretur,</strong></span> <span class='ocrx_word' id='word_1_425' title='bbox 2221 3866 2319 3901; x_wconf 89' lang='lat' dir='ltr'><strong>nec</strong></span> <span class='ocrx_word' id='word_1_426' title='bbox 2349 3866 2444 3916; x_wconf 78' lang='lat' dir='ltr'><strong>ego</strong></span> <span class='ocrx_word' id='word_1_427' title='bbox 2472 3853 2637 3916; x_wconf 80' lang='lat' dir='ltr'><strong>suspi-</strong></span> 
     </span>
     <span class='ocr_line' id='line_1_78' title="bbox 1572 3929 1927 3994; baseline 0.006 -16"><span class='ocrx_word' id='word_1_428' title='bbox 1572 3929 1681 3978; x_wconf 87' lang='lat' dir='ltr'><strong>cari</strong></span> <span class='ocrx_word' id='word_1_429' title='bbox 1702 3944 1927 3994; x_wconf 85' lang='lat' dir='ltr'><strong>possum.</strong></span> 
     </span>
    </p>

    <p class='ocr_par' dir='ltr' id='par_1_25' title="bbox 1571 4004 2639 4238">
     <span class='ocr_line' id='line_1_79' title="bbox 1638 4004 2638 4070; baseline 0 -14"><span class='ocrx_word' id='word_1_430' title='bbox 1638 4005 1775 4070; x_wconf 70' lang='lat' dir='ltr'><strong>Aeci]</strong></span> <span class='ocrx_word' id='word_1_431' title='bbox 1807 4006 1948 4055; x_wconf 80' lang='lat' dir='ltr'><strong>Cave</strong></span> <span class='ocrx_word' id='word_1_432' title='bbox 1971 4006 2137 4069; x_wconf 74' lang='lat' dir='ltr'><strong>legas,</strong></span> <span class='ocrx_word' id='word_1_433' title='bbox 2158 4006 2307 4054; x_wconf 66' lang='lat' dir='ltr'><strong>Accii.</strong></span> <span class='ocrx_word' id='word_1_434' title='bbox 2361 4004 2477 4054; x_wconf 82' lang='lat' dir='ltr'><strong>Nec</strong></span> <span class='ocrx_word' id='word_1_435' title='bbox 2501 4005 2638 4056; x_wconf 85' lang='lat' dir='ltr'><strong>enim</strong></span> 
     </span>
     <span class='ocr_line' id='line_1_80' title="bbox 1571 4082 2639 4148; baseline 0.002 -16"><span class='ocrx_word' id='word_1_436' title='bbox 1571 4084 1801 4148; x_wconf 87' lang='lat' dir='ltr'><strong>loquitur</strong></span> <span class='ocrx_word' id='word_1_437' title='bbox 1821 4085 1907 4136; x_wconf 86' lang='lat' dir='ltr'><strong>hic</strong></span> <span class='ocrx_word' id='word_1_438' title='bbox 1930 4083 2146 4134; x_wconf 84' lang='lat' dir='ltr'><strong>Persius</strong></span> <span class='ocrx_word' id='word_1_439' title='bbox 2170 4084 2234 4134; x_wconf 90' lang='lat' dir='ltr'><strong>de</strong></span> <span class='ocrx_word' id='word_1_440' title='bbox 2258 4083 2496 4133; x_wconf 80' lang='lat' dir='ltr'><strong>Labeone</strong></span> <span class='ocrx_word' id='word_1_441' title='bbox 2536 4082 2639 4134; x_wconf 82' lang='lat' dir='ltr'><strong>Ac·</strong></span> 
     </span>
     <span class='ocr_line' id='line_1_81' title="bbox 1571 4158 2637 4238; baseline -0.001 -27"><span class='ocrx_word' id='word_1_442' title='bbox 1571 4160 1667 4224; x_wconf 88' lang='lat' dir='ltr'><strong>tio,</strong></span> <span class='ocrx_word' id='word_1_443' title='bbox 1710 4160 1778 4238; x_wconf 80' lang='lat' dir='ltr'><strong>de</strong></span> <span class='ocrx_word' id='word_1_444' title='bbox 1808 4174 1911 4228; x_wconf 87' lang='lat' dir='ltr'><strong>quo</strong></span> <span class='ocrx_word' id='word_1_445' title='bbox 1941 4158 2052 4228; x_wconf 76' lang='lat' dir='ltr'><strong>jam</strong></span> <span class='ocrx_word' id='word_1_446' title='bbox 2087 4161 2227 4223; x_wconf 83' lang='lat' dir='ltr'><strong>satis,</strong></span> <span class='ocrx_word' id='word_1_447' title='bbox 2261 4160 2353 4212; x_wconf 85' lang='lat' dir='ltr'><strong>sed</strong></span> <span class='ocrx_word' id='word_1_448' title='bbox 2375 4160 2441 4210; x_wconf 85' lang='lat' dir='ltr'><strong>de</strong></span> <span class='ocrx_word' id='word_1_449' title='bbox 2474 4159 2637 4211; x_wconf 76' lang='lat' dir='ltr'><strong>Lucio</strong></span> 
     </span>
    </p>
   </div>
  </div>
 </body>
</html>
