2992 4859
438 288 536 358 ’76

1201 303 1274 352 A.
1324 300 1570 353 nasu
1620 301 1885 352 81:100!

439 444 635 512 Anne
659 449 877 530 magis
903 445 1113 514 Siculi
1141 449 1523 528 gemuerunt
1550 463 1689 508 aera
1706 442 2009 528 juvenci,

439 547 580 614 Aut
606 550 817 633 magis
845 549 1094 613 auratis
1123 547 1414 632 pendens
1441 546 1867 630 laquearibus
1895 546 2076 611 ensis

2543 542 2649 616 40

441 650 814 735 Purpureas
840 652 1065 716 subter
1092 649 1387 714 cervices
1413 650 1657 726 termit,
1690 647 1868 725 imus,

437 788 644 833 emunt.
704 783 1410 844 Anmtnarifficulimqiores
1436 783 1840 845 ediditgenitas:
1870 779 2126 843 agl-diu
2156 776 2667 830 ebena-ibam

437 838 2648 912 intectismnpenusphstreuqsedtmmemmtuupuubmqaudquisffi

1372 956 1428 976 θ’
1434 956 1519 975 ’θ’
1524 957 1698 976 ΟΟΟΙΙΟ

438 1028 504 1075 44
537 1024 623 1075 Ita
644 1024 973 1075 scribendum
995 1031 1108 1076 est:
1144 1024 1413 1090 tang-eben,
1435 1025 1661 1090 inquam,
1681 1039 1784 1075 non
1812 1021 2070 1088 fingebam,
2090 1020 2228 1088 quod
2251 1025 2307 1070 et
2329 1017 2645 1069 membranas

1439 1120 1655 1171 NOTAE
2610 1129 2619 1136 ·

438 1200 677 1253 Finibus:
729 1204 748 1230 ⁸
771 1202 1052 1253 Oculorum
1097 1203 1150 1253 iu
1192 1202 1340 1254 nobis
1386 1216 1500 1252 sen-

438 1293 524 1329 sus
547 1282 628 1328 est
655 1280 955 1343 acerrimus,
979 1279 1165 1344 quibus
1188 1277 1500 1343 sapientiam

437 1368 540 1404 nou
573 1356 847 1406 cernimus.
915 1353 1083 1408 Quam
1127 1354 1216 1404 illa
1254 1354 1496 1404 ardentes

438 1444 641 1488 amores
676 1430 931 1481 excitaret
972 1431 1068 1493 sui,
1107 1431 1150 1480 si
1184 1429 1495 1479 videretur?

438 1507 597 1559 Hunc
633 1508 794 1557 Tullii
840 1509 1009 1558 locum
1050 1507 1258 1557 videtur
1289 1521 1500 1571 expres·

435 1584 561 1633 sisse
581 1583 805 1634 Sanctus
821 1581 1142 1646 Augustinus
1160 1583 1500 1633 Enarratioue

434 1660 489 1713 in
510 1658 771 1709 Psalmnm
793 1663 874 1709 6-1.
908 1659 1000 1708 ubi
1021 1659 1097 1724 sic
1129 1657 1316 1707 babet:
1351 1658 1368 1686 ‘
1391 1658 1501 1708 Ha-

434 1735 529 1785 bes
555 1736 731 1786 oculos
753 1734 897 1797 foris,
932 1735 1071 1784 uude
1093 1735 1268 1783 videas
1290 1748 1496 1783 aurum:

432 1812 574 1862 intus
613 1819 695 1861 est
715 1813 915 1873 oculus,
948 1811 1084 1860 unde
1118 1811 1356 1860 videatur
1386 1810 1499 1874 pul·

337 1905 342 1910 ·
434 1885 673 1937 chritudo
688 1884 1248 1950 justitia—Quaedam
1270 1898 1396 1948 ergo
1416 1891 1500 1934 est

431 1963 767 2027 pulchritudo
782 1962 1030 2028 justitie,
1066 1976 1219 2026 quam
1264 1961 1496 2010 videmus

433 2040 598 2090 oculis
618 2040 809 2103 cordis,
841 2046 896 2089 et
918 2053 1165 2099 amamus,
1181 2046 1236 2089 et
1256 2038 1499 2089 exardes-

432 2114 628 2178 cimus:
645 2120 744 2166 dcc.
809 2114 916 2166 Alii
941 2116 1139 2179 legunt,
1169 2116 1405 2166 Virtutem
1425 2116 1499 2165 in-

433 2189 648 2254 videone,
669 2192 769 2252 vel,
800 2191 988 2241 Virtuti
1009 2192 1270 2252 invideant,
1291 2191 1498 2242 scilicet

430 2267 668 2317 aliorumt
709 2267 857 2330 parvi
878 2273 1026 2316 certe
1050 2269 1279 2317 interest.

495 2343 881 2408 Intabesonntque
913 2345 1100 2408 relicta]
1133 2345 1329 2394 Dolore
1350 2359 1494 2395 acer-

430 2419 640 2472 bissimo
661 2422 807 2471 velut
839 2421 1009 2484 aliqua
1039 2421 1158 2470 tabe
1195 2435 1493 2471 consuman-

429 2503 532 2558 tur,
570 2497 710 2562 quod
750 2497 885 2547 ultro
906 2495 1198 2559 abjecerint
1231 2496 1496 2559 virtutem,

430 2587 539 2623 rem
585 2573 716 2623 adeo
766 2572 1048 2637 pretiosam
1098 2580 1154 2622 et
1204 2573 1494 2623 amabilem.

431 2650 621 2702 Horat.
659 2649 764 2700 Od.
800 2663 887 2700 m.
925 2654 1009 2700 24.
1074 2649 1091 2676 ‘
1114 2650 1376 2716 Virtutem
1418 2650 1493 2699 in-

428 2728 682 2778 columem
716 2727 934 2788 odimus,
954 2726 1218 2777 Sublatam
1242 2740 1309 2776 ex
1331 2726 1495 2777 oculis

429 2805 703 2868 querimus
720 2803 914 2853 invidi!
947 2803 1081 2853 Haec
1104 2805 1219 2867 ipsa
1239 2809 1318 2853 est
1343 2818 1499 2868 poena

427 2878 619 2942 damni,
657 2894 813 2944 quam
860 2880 912 2928 in
952 2879 1207 2930 damnatis
1248 2879 1499 2944 'theologi

428 2963 735 3021 agnoscunt.

488 3035 554 3081 ⁸9
586 3034 725 3083 Am
746 3032 901 3094 magis
919 3030 1092 3096 Siculi]
1129 3031 1212 3079 Ne
1231 3044 1354 3079 vero
1376 3029 1489 3080 baec

424 3122 456 3158 a
478 3124 560 3159 me
584 3111 743 3174 gratis
766 3109 866 3159 dici
891 3115 1043 3172 putet
1064 3108 1276 3173 aliquis:
1312 3109 1488 3158 omnia

420 3190 568 3236 certe
593 3185 955 3248 Tyrannorum
979 3184 1192 3233 inventa
1222 3183 1287 3232 ad
1325 3184 1492 3234 cruci-

424 3258 584 3310 andos
624 3258 870 3318 homines,
907 3258 1104 3308 leviora
1137 3266 1259 3308 sunt
1298 3260 1492 3309 cousci-

423 3336 581 3387 entia!
615 3335 886 3385 tormentis
918 3335 1226 3402 assiduoque
1259 3336 1489 3399 stimulo,

424 3413 611 3478 quibus
652 3412 1057 3477 interquiescere
1109 3426 1370 3476 nunquam
1424 3413 1491 3462 si-

422 3497 633 3540 nuntur.
701 3488 861 3538 Certe
901 3495 1092 3553 quanto
1130 3495 1344 3553 praestat
1383 3489 1491 3538 ani-

420 3577 535 3614 mus
554 3564 775 3628 corpori,
798 3569 943 3614 tauto
979 3565 1221 3628 graviora
1241 3572 1362 3615 sunt
1383 3566 1489 3631 ani-

418 3640 491 3689 mi
515 3639 748 3699 vulnera,
773 3655 925 3704 quam
947 3642 1199 3705 corporis.
1462 3650 1472 3659 “

490 3714 782 3765 Gemuernnt
805 3718 1129 3780 oerajnvem]
1150 3718 1490 3784 Metonymia,

418 3806 537 3858 pro,
589 3791 948 3854 ingemuerunt
1017 3793 1246 3843 homines
1305 3793 1488 3843 inclusi

419 3876 570 3920 tauro
606 3880 761 3917 ereo.
847 3868 1075 3918 Per-illus
1115 3869 1286 3919 Faber
1323 3868 1487 3920 Athe·

421 3944 613 3996 niensis
637 3942 902 3994 Phalaridi
939 3942 1399 4009 Agrigentinorum
1435 3945 1490 3994 in

419 4023 599 4074 Sicilia
628 4021 873 4086 Tyranno
911 4017 1219 4070 fabricatum
1244 4036 1276 4070 s
1296 4036 1352 4070 so
1377 4028 1490 4070 tau-

419 4110 534 4146 rum
571 4111 770 4150 oneum
806 4095 973 4159 dedit,
1009 4095 1064 4145 in
1096 4109 1218 4161 quo,
1249 4096 1489 4160 subjecto

415 4172 537 4238 igne
581 4172 937 4224 cruciarentur
973 4171 1222 4238 homines,
1240 4178 1296 4221 et
1333 4171 1490 4222 tauri·

1580 1215 1672 1251 nos
1696 1199 1920 1265 mugitus
1953 1199 2301 1249 imitarentur.
2367 1196 2493 1260 Ipse
2514 1208 2641 1244 vero

1578 1276 1785 1328 Artifex
1811 1279 1864 1326 in
1886 1292 2002 1327 eum
2022 1275 2276 1326 immissus
2298 1274 2494 1339 primus
2514 1272 2641 1321 artis

1578 1369 1684 1403 suae
1708 1353 1992 1418 periculum
2032 1351 2178 1402 fecit.
2248 1351 2335 1400 De
2390 1362 2453 1398 eo
2503 1341 2651 1397 Puni

1579 1442 1775 1481 xxxnr.
1810 1433 1858 1480 8.
1905 1430 1921 1456 ‘
1945 1427 2196 1477 Perillum
2236 1440 2387 1476 nemo
2422 1423 2639 1486 laudat,⁸

1578 1506 1764 1572 inquit,
1813 1505 1830 1533 ‘
1847 1505 2117 1555 saeviorem
2139 1502 2422 1553 Phalaride
2439 1501 2640 1565 Tyran-

1578 1581 1764 1648 no,qui
1785 1588 1990 1632 taurum
2014 1578 2159 1641 fecit,
2176 1579 2400 1643 mugitus
2420 1577 2638 1627 hominis

1579 1659 1856 1723 pollicitus,
1900 1657 2021 1721 igue
2058 1655 2296 1715 subdit03
2352 1659 2408 1703 et
2446 1654 2640 1718 primus

1578 1751 1696 1786 eum
1718 1740 1965 1800 expertus
1996 1733 2283 1784 cruciatum
2303 1731 2526 1795 justiore
2546 1744 2639 1779 se-

1576 1812 1740 1863 vitia.'

1640 1894 1706 1940 40
1738 1889 1939 1939 Auratis
1952 1888 2159 1953 pendens
2186 1883 2481 1950 laquearibus
2495 1882 2646 1950 aeis]

1575 1966 1862 2031 Suspensus
1915 1980 1946 2015 e
1996 1964 2223 2029 laqueari
2283 1961 2484 2026 gladius
2525 1968 2640 2010 sets

1577 2044 1782 2110 equina,
1801 2050 1856 2093 et
1877 2041 2145 2091 imminens
2175 2038 2339 2103 capiti
2378 2036 2639 2087 Damoclis

1578 2120 1715 2183 apud
1756 2118 2065 2182 Dionysium
2101 2115 2287 2165 Siciliae
2324 2115 2638 2179 Tyrannum.

1576 2196 1720 2246 Nota
1738 2195 1952 2244 historia
1974 2207 2042 2243 ex
2060 2193 2167 2243 Cic.
2182 2192 2335 2242 Tuae.
2361 2191 2563 2243 Quaest.
2583 2203 2636 2240 v.

1577 2270 1813 2321 Macrob.
1846 2270 1911 2320 ad
1946 2269 2123 2319 Somn.
2164 2268 2441 2333 Scipionis,
2476 2259 2518 2317 ι’.
2555 2271 2637 2318 1⁰.

1543 2344 1552 2360 '
1574 2348 1673 2397 dcc.

1638 2425 1699 2471 41
1738 2421 2010 2485 Purpureas
2042 2420 2203 2470 subter
2220 2416 2457 2482 eervices]
2488 2418 2634 2468 Mors

1574 2498 1842 2549 imminens
1894 2497 2084 2548 terruit
2139 2495 2441 2546 Damoclem
2490 2494 2634 2560 regio

1573 2581 1762 2623 ornatu
1798 2572 2058 2635 amictum,
2095 2571 2191 2621 sub
2229 2584 2352 2620 ense
2376 2570 2465 2620 ulo
2494 2569 2635 2635 posi·

1577 2656 1707 2699 tum.

1644 2727 1835 2777 Terruit
1872 2726 2044 2790 magis,
2085 2739 2242 2792 qaam,
2277 2724 2381 2790 ξω]
2436 2723 2498 2774 Id
2536 2731 2637 2788 est,

1577 2806 1695 2856 Nec
1718 2806 1940 2855 Perillus
1962 2820 2181 2856 accenso
2220 2810 2368 2854 tauro
2396 2817 2544 2854 aeneo
2566 2803 2640 2853 iu-

1577 2882 1749 2932 clusus
1785 2881 2124 2930 miserabilius
2146 2879 2361 2945 gemuit,
2396 2894 2493 2929 nec
2533 2880 2635 2930 Da·

1576 2958 1770 3006 mocles
1792 2956 2142 3006 imminentem
2164 2956 2264 3005 sibi
2284 2959 2506 3006 'mortem
2531 2957 2635 3006 ani·

1573 3030 1904 3080 madvertens
1955 3031 2440 3096 magis‘exhorruit,
2483 3045 2633 3097 quam

1572 3111 1848 3169 torquetur
1896 3106 2180 3155 sceleratus
2234 3106 2427 3156 intimis
2480 3107 2635 3158 animi

1570 3180 1905 3243 cruciatibus,
1945 3196 2062 3231 cnm
2092 3173 2364 3232 ‘scelerum
2415 3184 2635 3234 stimulis

1569 3265 1625 3308 et
1644 3256 1796 3307 furiis
1821 3258 2068 3323 agitatur.

1635 3335 1782 3400 Imus,
1798 3337 1919 3385 ιήυιε
1934 3335 2224 3400 praecipites]
2244 3335 2469 3401 Egregia
2477 3337 2634 3386 Pros-

1571 3413 1814 3478 opopoeia
1863 3411 2095 3475 Tyranni
2149 3413 2484 3462 conscientie
2540 3409 2632 3462 fla-

1572 3490 1718 3554 gellis
1757 3496 1813 3538 et
1857 3490 2127 3538 tormentis
2183 3487 2390 3538 adacti:
2449 3487 2633 3553 quibus

1571 3581 1747 3616 secum
1784 3566 1895 3630 ipse
1928 3565 1980 3614 in
2017 3580 2217 3615 summa
2248 3565 2637 3629 desperatione,

1570 3641 1746 3692 dicat:
1779 3648 1952 3691 actum
1977 3648 2059 3691 est
2094 3642 2161 3691 de
2198 3642 2366 3706 nobis,
2399 3642 2634 3707 praecipi-

1572 3725 1761 3782 tamur,
1810 3720 2049 3784 perimus,
2104 3720 2243 3769 omni
2297 3720 2476 3770 salutis
2513 3731 2631 3784 ‘ope

1570 3794 1830 3846 destituti.
1896 3796 2130 3845 Tiberius
2169 3793 2317 3860 apud
2345 3798 2558 3846 Sueten.
2580 3811 2631 3846 c.

1568 3874 1650 3920 67.
1682 3874 1697 3899 ⁴
1724 3870 1863 3923 Quid
1898 3871 2117 3921 scribam
2144 3872 2308 3935 vobis,
2342 3872 2401 3921 P.
2443 3872 2503 3921 C.
2538 3880 2631 3920 aut

1570 3946 1824 4010 quomodo
1860 3945 2101 4006 scribam,
2144 3954 2232 3996 aut
2269 3946 2390 4011 quid
2423 3944 2631 3996 omnino

1569 4038 1672 4072 nou
1709 4024 1928 4074 scribam
1969 4024 2064 4075 hoc
2100 4023 2366 4086 tempore?
2422 4021 2513 4071 Dii
2551 4036 2635 4071 me

1569 4099 1801 4166 Deaeque
1837 4100 1990 4165 pejus
2030 4098 2266 4164 perdant,
2289 4113 2439 4164 quam
2461 4098 2629 4164 quoti·

1567 4174 1654 4225 die
1678 4176 1851 4240 perire
1870 4174 2059 4238 sentio,
2082 4174 2125 4223 si
2147 4172 2289 4224 scio:
