2992 4859
970 375 1071 418 14.
1169 340 1620 392 suvmuus.
1793 373 1798 378 -
2328 327 2505 400 122⁸

286 471 566 562 excipiat,
602 481 948 564 descripsit:
993 502 1111 562 qua
1152 502 1429 563 perversa
1469 484 1692 548 ratione
1733 481 1856 546 dici
1901 497 2019 545 non
2065 494 2281 566 potest,
2322 507 2499 567 quam

289 569 600 642 molestum
632 579 1053 662 difficilemque
1080 579 1401 641 reddiderit
1426 581 1699 642 editionis
1729 601 1851 643 suae
1872 599 2058 642 usum.
2119 583 2320 648 ldem
2305 602 2366 644 ιιι
2386 593 2506 646 tex·

290 686 355 734 tu
394 687 453 736 et
482 677 665 753 ipsius
706 684 901 756 poetae
926 669 988 738 'et
1030 677 1372 762 Scholiasta»,
1397 678 1685 740 Pithoeani
1726 678 2105 789 exprimendo
2134 689 2371 742 secutus
2411 691 2505 741 est

290 774 692 836 recensionem
722 774 1065 838 Sebrcvelii.
1150 753 1349 862 Hujus
1377 776 1576 858 itaque
1603 795 1866 856 operam,
1886 777 1946 836 in
1973 777 2009 837 J
2014 778 2253 837 uvenale
2274 777 2507 838 edendo

294 863 671 941 collocatam,
715 880 781 930 ut
808 873 1037 950 penitus
1064 880 1433 963 perspectam
1478 871 1735 934 habeant
1764 873 2035 945 lectores,
2072 873 2349 934 Praefatio
2375 874 2507 951 ejus

295 968 471 1047 digna
494 969 746 1039 videtur,
776 989 909 1047 quae
933 980 1284 1048 apponatur.
1370 972 1477 1030 Est
1507 990 1642 1032 vero
1672 970 1838 1031 baec.
1884 971 2078 1056 ‘Cum
2104 971 2260 1032 hunc
2292 974 2511 1031 Aucto-

295 1085 415 1124 rem
444 1065 675 1143 publici
712 1066 865 1156 juris
893 1059 1081 1128 facere
1112 1066 1521 1140 decrevissem,
1564 1067 1794 1150 aliquot
1817 1067 1951 1128 viris
1991 1067 2228 1128 nomine
2253 1088 2323 1128 ac
2353 1067 2511 1128 sama

230 1199 243 1210 -
297 1161 717 1234 celeberrimis,
764 1171 1013 1222 mentem
1041 1162 1471 1240 consiliumque
1502 1183 1695 1223 meum
1722 1163 1949 1243 aperui,
1997 1173 2057 1224 et
2102 1163 2320 1224 obnixe
2349 1165 2510 1243 petii,

302 1253 382 1328 ut,
416 1260 465 1317 si
493 1258 685 1337 quid'
670 1278 727 1316 ιιι
755 1258 910 1318 hunc
940 1262 1259 1319 Auctorem
1290 1259 1716 1334 observassent,
1756 1261 2191 1322 communicare
2220 1261 2360 1321 mihi
2388 1259 2515 1339 dig-

300 1367 597 1428 narentur,
643 1355 1031 1418 houorifieam
1075 1376 1278 1420 eorum
1336 1357 1693 1418 mentionem
1744 1358 2064 1437 pollicitus,
2118 1378 2240 1436 quo
2285 1360 2517 1418 Auctor

301 1445 417 1525 hic,
451 1454 598 1532 reip.
625 1453 895 1514 literariae
926 1454 1100 1525 bono,
1145 1455 1373 1514 auctior
1402 1456 1722 1535 tersior-que
1765 1456 1959 1515 lucem
1988 1455 2252 1534 aspicere
2297 1462 2517 1534 posset.

303 1543 549 1609 Plurimi
580 1552 690 1612 hoc
721 1571 916 1611 meum
938 1551 1237 1611 consilium
1262 1553 1687 1632 approbarunt,
1716 1561 1779 1613 et
1805 1551 2082 1625 currenti,
2111 1561 2176 1614 ut
2196 1552 2279 1611 ita
2303 1551 2519 1620 dicam,

302 1648 508 1707 calcar
524 1639 909 1721 addiderunt,
955 1648 1366 1728 promissisque
1395 1651 1710 1723 lactarunt,
1758 1650 1906 1709 nihil
1931 1669 2049 1709 non
2081 1648 2345 1728 polliciti.
2427 1647 2524 1705 ln·

307 1744 478 1803 terim
520 1754 666 1818 tum,
715 1756 782 1804 ut
810 1755 871 1806 et
914 1746 1182 1819 antehae,
1232 1748 1514 1826 comperi,
1563 1748 1924 1809 verissimum
1967 1767 2095 1807 esse
2138 1745 2302 1824 quod
2347 1741 2522 1821 vulgo

309 1840 539 1900 fertur:
588 1841 914 1900 Promissis
926 1850 1121 1924 posset
1149 1842 1392 1924 quilibet
1416 1864 1533 1903 esse
1553 1844 1737 1907 dives.
1823 1843 2214 1905 Nihilominus
2238 1839 2445 1923 quod
2430 1859 2521 1900 ιιι-

309 1957 610 2017 ceperam,
644 1936 905 2016 guaviter
931 1935 1239 1996 absolvere
1265 1940 1517 2016 perrexi,
1561 1949 1622 2022 et
1649 1949 1818 2001 notas
1849 1940 2137 2000 variorum
2165 1943 2522 2012 Auctorum,

313 2054 461 2126 quas
491 2034 551 2092 in
577 2051 771 2094 meum
805 2052 971 2092 usum
999 2031 1374 2110 collegeram,
1417 2031 1473 2088 iu
1505 2013 1768 2095 ordinem
1796 2035 2032 2118 digessi,
2062 2044 2122 2096 et
2148 2034 2224 2094 ad
2252 2032 2526 2096 incudem

312 2130 610 2224 remeavi,
658 2129 883 2190 collatis
924 2130 1075 2189 inter
1116 2148 1178 2187 se
1220 2128 1582 2208 diversorum
1627 2130 1800 2199 notis,
1850 2131 2179 2192 selectiores
2220 2130 2419 2209 selegi,
2469 2139 2530 2192 et

310 2229 618 2324 praecipue
648 2246 782 2305 quae
804 2226 880 2286 ad
912 2233 1161 2286 mentem
1186 2225 1464 2286 Auctoris
1493 2235 1653 2285 recte
1682 2225 2119 2305 percipiendam
2146 2235 2208 2286 et
2234 2227 2533 2287 illustran-

318 2325 459 2385 dam
501 2323 749 2388 maxime
789 2322 1210 2383 conducerent.
1295 2325 1429 2383 Jam
1473 2342 1613 2382 vero
1664 2322 1824 2430 quod
1870 2323 1946 2383 ad
1991 2332 2212 2383 textum
2254 2322 2529 2382 Auctoris

315 2422 555 2494 attinet,
581 2420 1067 2482 correctissimum
1093 2428 1153 2479 et
1180 2399 1609 2490 nitidissimum,
1642 2416 1688 2477 si
1718 2438 1977 2497 unquam
2004 2428 2162 2492 ante,
2201 2418 2310 2478 tibi
2339 2418 2530 2478 trado.

306 2522 371 2584 ‚V
376 2521 529 2582 arias
557 2518 768 2579 etenim
812 2514 1391 2593 accuratissimasque
1434 2513 1744 2586 editiones,
1789 2515 2017 2594 collatis
2059 2514 2211 2576 inter
2247 2535 2313 2574 se
2340 2535 2534 2574 exem·

318 2616 609 2697 plaribus,
654 2614 898 2702 inspexi,
942 2612 1283 2687 examinavi,
1330 2622 1388 2672 et
1432 2633 1506 2700 e}
1547 2612 1656 2670 illis
1696 2611 2031 2690 praecipuas
2061 2611 2331 2689 judicavi
2379 2611 2531 2672 Rob.

326 2713 612 2796 Stephani
639 2724 699 2774 et
731 2713 963 2772 Pithoea·
989 2710 1297 2782 editiones,
1326 2730 1471 2790 quas
1500 2711 1676 2770 etiarn
1706 2729 1829 2788 prae
1857 2709 2062 2768 ceteris
2091 2717 2372 2786 tanquam
2402 2727 2534 2767 cor-

326 2811 676 2874 rectissimas
704 2810 873 2892 elegi.
958 2810 1033 2868 Et
1075 2807 1239 2888 quod
1278 2807 1511 2867 silentio
1551 2825 1666 2868 ιιοιι
1707 2805 2147 2876 involvendum,
2190 2824 2331 2864 usus
2359 2803 2537 2863 etiam

327 2928 459 2968 sum
491 2908 725 2968 duobus
754 2904 1188 2986 exemplaribus
1210 2905 1368 2988 Mas.
1401 2923 1538 2981 quae
1561 2902 1663 2962 Vir
1690 2900 1947 2962 nobiliss.
1968 2919 2040 2960 ac
2070 2897 2541 2984 incomparabilis

329 3005 423 3067 cl.
458 3005 779 3065 Salmasius
808 3002 949 3062 mihi
977 2999 1394 3080 suppeditavit,
1434 3000 1532 3061 cui
1562 3000 1662 3059 uui
1689 2998 1810 3058 fere
1836 3005 1897 3058 et
1923 2997 2034 3057 soli
2060 2995 2271 3067 debeo,
2315 2997 2360 3055 si
2390 2994 2537 3074 quid

329 3102 583 3168 nominis
637 3120 707 3161 ac
757 3099 930 3160 famae
981 3098 1110 3158 baec
1160 3106 1355 3157 nostra
1402 3096 1583 3157 editio
1629 3095 1982 3156 merebitur:
2040 3093 2259 3174 quique
2305 3094 2542 3170 iusuper

329 3209 585 3260 veterem
630 3199 1012 3275 Interpretem
1042 3196 1283 3273 propria
1314 3214 1422 3254 sua
1447 3212 1648 3263 manu,
1693 3192 1888 3253 multis
1929 3192 1987 3252 in
2028 3191 2170 3252 locis
2196 3192 2540 3272 castigatum

328 3296 830 3374 emendatumque
870 3312 1088 3354 summa
1133 3312 1271 3351 cum
1315 3291 1680 3351 humanitate
1722 3290 1876 3351 ultro
1907 3289 2046 3348 mihi
2085 3289 2335 3370 obtulitg
2377 3285 2543 3348 etad

334 3414 510 3473 quem
539 3392 854 3471 saepissime
880 3399 1164 3467 tanquam
1193 3389 1271 3448 ad
1295 3389 1620 3452 Oraculum
1650 3387 1908 3466 confugi,
1938 3388 1984 3446 si
2014 3403 2148 3466 quae
2169 3385 2302 3446 loca
2329 3392 2542 3455 essent,

338 3491 431 3551 vel
483 3490 564 3550 ab
618 3489 1039 3570 Interpretibus
1089 3489 1328 3559 intacta,
1383 3487 1475 3546 vel
1527 3485 1904 3575 intricatiora,
1974 3482 2228 3544 candide
2284 3491 2410 3541 tum
2439 3480 2544 3554 ,ibi

338 3596 596 3648 mentem
643 3606 801 3646 suam
849 3588 1096 3666 aperuit,
1154 3584 1416 3663 nihilque
1471 3582 1633 3662 quod
1686 3599 2107 3662 proposueram
2159 3579 2389 3650 celavit,
2441 3575 2545 3638 sed

332 3704 563 3764 semper
619 3684 742 3744 voti
798 3675 1135 3763 compotem
1187 3681 1751 3764 dimisit.÷Gudim
1809 3677 1953 3739 mihi
2003 3676 2173 3737 etiam
2224 3673 2346 3735 duo
2397 3674 2550 3734 Mss.

338 3780 696 3859 exemplaria
725 3780 1142 3851 commodavit,
1183 3799 1318 3860 quae
1346 3798 1483 3838 cum
1514 3779 1624 3839 bac
1652 3784 1855 3837 nostra
1883 3773 2157 3834 Editione
2186 3771 2426 3844 contuli,
2469 3778 2552 3841 et,

338 3877 389 3938 si
414 3877 558 3956 quid
587 3886 791 3937 notatu
817 3876 1078 3957 dignum,
1106 3877 1420 3937 intextum
1441 3876 1631 3935 intuli.
1714 3874 1988 3952 Veterem
2018 3891 2158 3948 ergo
2187 3869 2553 3930 Scholiasten

339 3974 515 4040 etiam
558 3974 865 4053 integrum,
910 3984 967 4034 et
1013 3974 1277 4054 plurimis
1324 3974 1383 4033 iu
1429 3971 1580 4032 locis
1630 3971 1714 4030 ita
1761 3979 1827 4032 ut
1866 3968 2115 4032 diximus
2155 3958 2552 4035 emendatum,

346 4071 539 4138 trado.
622 4071 785 4131 Inter
829 4080 1317 4133 commentatores
1358 4089 1582 4140 omnes,
1630 4068 1843 4150 quibus
1889 4067 1979 4126 usi
2016 4085 2233 4133 sumus,
2283 4060 2555 4122 Lubinnu

346 4188 471 4249 prae
498 4167 709 4232 ceteris
737 4167 883 4230 mibi
905 4168 1147 4249 placuit,
1173 4180 1235 4230 et
1263 4189 1335 4230 ne
1363 4168 1508 4249 quid
1536 4167 1688 4227 illius
1713 4165 1987 4227 laudibus
2013 4163 2358 4232 detrectem,
2392 4154 2559 4217 mibi·
