2992 4859
1252 297 1529 350 SATIR‘A
1580 301 1696 351 111.

370 446 665 531 Pinguet
711 453 893 514 caret
918 447 1153 549 culpa:
1195 446 1436 523 nescit,
1466 446 1630 529 quid
1658 447 1932 530 perdat3
1978 453 2066 529 et,
2096 449 2231 514 alto

371 545 755 628 DemersuS,
788 563 1042 613 summa
1062 565 1198 610 non
1225 565 1448 610 rursus
1475 548 1669 612 bullit
1695 550 1764 612 in
1790 550 1995 614 unda.

458 649 700 733 Magne
730 656 919 734 pater
950 650 1227 726 Divum,
1259 643 1483 713 saevos
1513 652 1742 734 punire
1770 658 2082 735 tyrannos

373 750 584 816 Haud
613 753 748 816 alia
774 753 1027 816 ratione
1056 751 1246 828 vensi,
1270 770 1421 814 cum
1452 751 1599 815 dira
1624 751 1833 815 libido

372 852 668 919 Moverit
695 854 1047 936 ingenium,
1076 852 1345 917 ferventi
1373 854 1579 917 tincta
1606 872 1855 918 veneno
1879 874 1898 933 ;

370 954 704 1021 Virtutem
731 956 1027 1034 videant,
1057 955 1599 1038 intabescantque
1633 956 1883 1022 relicta.

368 1102 468 1152 diis
487 1118 645 1153 crassa
672 1105 911 1168 pinguedo
933 1109 1074 1154 enata
1110 1111 1208 1154 est.-
1240 1111 1376 1155 vacat
1403 1120 1558 1155 noxa.-
1591 1105 1784 1167 ignorat
1805 1112 2032 1169 quantum
2051 1110 2264 1171 mittat,
2283 1109 2578 1174 apr-efud·

369 1167 564 1220 obrutus
593 1183 690 1218 non
727 1170 924 1231 emergit
957 1170 1131 1218 iterum
1163 1170 1214 1218 ia
1243 1184 1506 1232 supremam
1537 1185 1723 1233 uquam,
1790 1171 1982 1220 Summe
2014 1173 2227 1222 Deorum
2252 1190 2442 1238 pareas,
2476 1176 2579 1226 aa&

363 1233 568 1293 plectere
604 1233 698 1281 alio
731 1234 863 1282 niodo
904 1234 1111 1282 dominos
1144 1235 1369 1294 crudeles,
1401 1235 1583 1297 quando
1604 1249 1727 1283 soeva
1758 1235 1993 1298 cupiditas
2012 1236 2189 1294 insecta
2210 1240 2368 1287 toxico
2388 1240 2578 1289 ardenti

367 1296 608 1360 impulerit
629 1298 835 1348 mmm
859 1295 1088 1346 illorum:
1124 1311 1330 1362 nempe,
1350 1299 1582 1362 aspiciant
1604 1299 1846 1364 υἰήιιίρπι,
1881 1303 1927 1348 et
1967 1314 2031 1350 ea
2058 1303 2260 1364 deserta,
2280 1304 2387 1352 tabe
2425 1319 2577 1353 emor·
2632 1315 2643 1324 ⁸

1293 1445 1646 1466 &meeum

374 1549 711 1614 Censor-emus
734 1553 839 1601 Μ..
864 1552 1117 1602 Oak—34
1149 1511 1337 1602 rursum
1372 1568 1465 1602 m
1504 1515 1642 1602 Edit.
1667 1552 1849 1615 Steph.
1912 1566 2075 1602 rursus
2100 1567 2191 1602 noa
2212 1552 2258 1602 b.
2300 1553 2406 1604 Ms.
2443 1553 2575 1604 R.—

371 1615 435 1661 37
468 1617 720 1666 torths.
745 1617 995 1668 Geth—as
1053 1617 1292 1667 Virtute-s
1313 1620 1366 1667 ut
1387 1617 1485 1668 vid.
1518 1617 1665 1686 Edit,
1690 1618 1868 1682 Steph.

1373 1755 1588 1838 NOTAE

363 1845 552 1910 mitas,’
590 1847 774 1913 inquit,
814 1851 831 1879 ‘
855 1851 1074 1916 impedit
1095 1850 1432 1916 sapientiam?

367 1923 502 1972 Vide
529 1931 586 1974 et
610 1940 726 1989 quae
747 1942 839 1976 uos
857 1929 967 1978 Sat.
987 1942 1028 1978 ι.
1049 1933 1129 1979 57.
1153 1929 1219 1978 ad
1242 1944 1304 1978 ea
1323 1944 1434 1978 ver-

366 1998 451 2062 ba,
489 2001 696 2063 Pinguis
732 2005 1037 2067 «qualinam.
1119 2007 1308 2055 Sensus
1352 2012 1432 2055 est

365 2076 482 2140 hic:
517 2078 664 2128 Sicut
702 2081 862 2144 adeps
909 2096 1010 2130 non
1058 2081 1233 2144 sentit,
1269 2084 1430 2148 (teste

369 2151 572 2204 Galeno
616 2162 672 2204 et
706 2154 1018 2221 Aristotele)
1041 2158 1113 2206 sic
1153 2172 1250 2207 nee
1286 2173 1431 2207 mens

361 2229 530 2278 illius:
587 2245 706 2280 nam
743 2232 992 2282 obduruit
1036 2235 1223 2282 callum
1270 2234 1430 2283 veluti

366 2305 621 2368 quoddam
662 2309 715 2355 in
743 2308 910 2356 auimo
943 2307 1074 2372 ejus,
1113 2323 1208 2358 nec
1245 2309 1429 2358 mirum

367 2380 413 2427 si
451 2380 782 2444 demergatur
824 2384 878 2431 in
924 2384 1235 2448 profundum
1279 2384 1429 2434 vitio-

366 2469 481 2505 rum
521 2473 687 2522 prono
720 2461 937 2523 impetu,
982 2476 1098 2510 cum
1127 2462 1240 2525 jam
1277 2462 1428 2525 plane

370 2533 618 2584 caecutiat
642 2535 706 2584 ad
729 2536 914 2586 bonum
937 2554 950 2585 ε
987 2553 1102 2602 quai
1125 2545 1297 2587 tamen
1322 2553 1428 2602 poe-

367 2623 434 2658 na
458 2617 540 2659 est
562 2626 771 2661 summae
795 2613 1040 2676 nequitiae
1064 2615 1298 2662 maxima.

432 2688 496 2736 33
521 2687 685 2735 Nescit
711 2688 822 2751 quid
839 2688 1031 2751 perdat]
1052 2689 1277 2738 Virtutis
1296 2689 1431 2738 enim

363 2764 799 2829 pulchritudinem
815 2764 922 2829 jam
943 2782 1043 2815 non
1063 2766 1226 2828 videt,
1246 2777 1300 2815 et
1319 2781 1432 2829 pre·

364 2839 493 2909 tium
516 2841 630 2904 ejus
651 2842 882 2902 ignorat:
918 2842 1053 2891 sicut
1077 2848 1133 2891 et
1155 2843 1430 2905 turpitudi-

365 2929 484 2965 nem
509 2917 751 2968 vitiorum
776 2926 831 2968 et
853 2918 1114 2968 infamiam
1152 2919 1290 2968 haud
1324 2918 1432 2968 ani-

370 2991 668 3044 madvertit.

431 3065 550 3115 Alto
580 3069 837 3132 demersus]
886 3070 1144 3120 Vitiorum
1185 3070 1427 3122 barathro

369 3140 661 3205 absorptus.
913 3167 928 3184 ·

432 3223 495 3267 34
532 3220 641 3268 Non
678 3219 837 3281 bullit]
894 3222 1015 3270 Non
1058 3222 1295 3285 emergit,
1326 3237 1430 3272 non

367 3296 591 3360 assurgit
611 3312 625 3355 ;
661 3310 777 3345 nam
798 3312 916 3346 cum
951 3305 1161 3361 stupens
1184 3300 1289 3360 ejus
1313 3313 1432 3347 con-

369 3372 587 3420 scientia
608 3373 762 3420 nullis
785 3381 905 3435 agat
939 3387 1056 3422 eum
1097 3374 1333 3435 stimulis,
1352 3387 1435 3422 ne-

369 3464 625 3514 quaquam
651 3449 820 3498 redire
859 3456 1034 3512 potest
1066 3450 1131 3499 ad
1172 3450 1436 3499 meliorem

365 3523 589 3588 frugem.
673 3526 934 3575 Horresce
975 3540 1116 3588 vero,
1162 3534 1219 3575 tu
1265 3527 1439 3576 adole-

369 3615 539 3662 scens,
585 3600 649 3649 ad
694 3608 798 3650 tam
841 3601 1170 3665 deploratum
1207 3610 1436 3665 statnm;

370 3684 427 3727 et
448 3692 593 3740 cave,
618 3692 683 3726 ue
707 3679 887 3727 eodem
927 3679 1146 3729 miseriae
1179 3679 1437 3740 devenias,

368 3754 469 3802 nisi
491 3760 691 3803 mature
707 3751 927 3803 fraenum
945 3754 1110 3818 injicis
1129 3754 1434 3819 petulantiae

366 3828 605 3893 juvenili.

437 3909 499 3954 35
558 3905 739 3967 Magne
779 3911 917 3969 pater
956 3906 1160 3969 Divum]
1225 3907 1434 3969 Stupori

375 3982 556 4032 Nattae
579 3983 795 4034 acerbos
839 3985 952 4033 iilos
987 3984 1206 4049 opponit
1241 3985 1438 4033 crucia-

373 4063 481 4120 tus,
523 4073 650 4122 quos
695 4059 924 4108 tolerant
968 4060 1002 4108 ii
1054 4059 1140 4123 qui
1194 4060 1437 4108 virtutem

377 4133 640 4197 cognitam
660 4134 908 4200 habuere,
931 4148 1027 4185 nec
1061 4142 1233 4185 tamen
1271 4135 1438 4186 secuti

1516 1858 1670 1902 sunt:
1721 1837 1814 1902 lios
1852 1867 1976 1902 vero
2022 1858 2193 1903 tantos
2232 1867 2347 1902 esse
2392 1852 2485 1914 ait,
2516 1858 2577 1904 ut

1516 1928 1782 1977 sceleratis
1817 1929 2025 1992 gravius
2051 1930 2222 1993 optari
2262 1936 2579 1980 tormentum

1516 2011 1769 2068 nequeat:
1820 2006 1931 2054 haec
1977 2007 2183 2069 egregie
2223 2007 2578 2067 casaubonus,

1514 2079 1760 2144 additque
1804 2079 1972 2129 videri
2008 2081 2244 2130 Persium
2287 2081 2578 2144 respexisse

1512 2155 1577 2204 ad
1600 2155 1771 2205 locum
1796 2157 2052 2218 Platonis,
2075 2157 2124 2205 in
2154 2157 2370 2220 Gorgia,
2392 2156 2481 2205 ubi
2503 2156 2580 2206 ait

1509 2231 1563 2280 in
1604 2232 1785 2281 animis
1823 2231 2182 2283 defunctorum
2219 2235 2578 2297 Tyrannorum

1510 2306 1705 2358 vibices
1738 2315 1940 2372 extare,
1989 2315 2150 2359 testes
2194 2324 2369 2359 eorum
2416 2311 2581 2359 scele-

1511 2398 1644 2446 rnm,
1681 2398 1710 2432 e
1735 2384 1919 2448 quibus
1942 2385 2361 2435 Rhadamanthus
2391 2399 2572 2435 eorum

1511 2460 1711 2509 scelera
1733 2460 2004 2523 dijudicet.

1575 2533 1735 2583 Saevos
1750 2535 1918 2598 panim
1941 2535 2188 2599 tyrannos]
2220 2534 2454 2587 Aliorum
2472 2550 2577 2588 ma-

1512 2609 1575 2658 lis
1622 2609 1926 2673 gaudentes,
1963 2613 2138 2675 quales
2176 2610 2324 2661 fuere
2356 2613 2579 2674 Busiris,

1514 2687 1815 2746 Diomedes,
1837 2687 2094 2748 Phalaris,
2114 2695 2331 2751 uterque
2374 2689 2577 2752 Diony-

1515 2763 1636 2825 sius,
1672 2763 1889 2826 ipseque
1931 2763 2097 2824 Nero,
2119 2778 2272 2828 quem
2294 2764 2378 2813 hic
2412 2765 2579 2815 notari

1515 2839 1751 2904 plerique
1774 2846 2060 2888 autumant.

1577 2919 1642 2963 36
1678 2914 1823 2964 Haud
1860 2914 1962 2963 alia
2003 2914 2209 2976 ratione]
2267 2917 2385 2964 Non
2425 2916 2578 2967 aliter

1514 2992 1713 3056 punias,
1730 3006 1882 3055 quam
1905 2991 2238 3040 conscientiae
2264 2989 2499 3055 flagellis,
2520 3001 2581 3043 et

1516 3066 1771 3118 scelerum
1792 3082 1997 3116 suorum
2020 3066 2165 3115 furiis
2187 3077 2273 3115 eos
2297 3068 2576 3130 tradendo:

1516 3144 1639 3193 vide
1657 3144 1899 3196 Juvenal.
1925 3145 2172 3193 Sanxm.
2208 3145 2277 3193 D.
2302 3142 2578 3209 Angustia.

1512 3224 1601 3273 lib.
1627 3223 1691 3272 de
1729 3221 2001 3284 Magistro,
2027 3235 2073 3270 c.
2099 3223 2149 3269 9.
2191 3221 2206 3247 ‘
2231 3221 2473 3284 Persius,'
2507 3222 2583 3271 in-

1514 3300 1644 3365 quit,
1666 3299 1681 3326 ‘
1699 3298 1933 3347 omnibus
1974 3297 2137 3360 poenis
2167 3312 2291 3361 quas
2320 3298 2580 3362 Tyranno-

1519 3390 1630 3424 rum
1663 3374 1746 3424 vel
1794 3372 2075 3422 crudelitas
2124 3373 2457 3436 excogitavit,
2498 3375 2582 3424 vel

1518 3449 1774 3514 cupiditas
1820 3448 2019 3511 pendit,
2058 3447 2191 3497 hanc
2240 3460 2391 3496 unam
2434 3454 2580 3497 aute-

1520 3526 1688 3592 ponit,
1730 3538 1829 3588 qua
1867 3524 2168 3573 cruciantur
2207 3524 2454 3588 homines,
2492 3526 2581 3589 qui

1519 3602 1664 3662 vitia,
1684 3615 1799 3664 quae
1820 3598 1987 3648 vitare
2009 3614 2114 3656 non
2142 3609 2373 3664 possunt,
2394 3616 2583 3666 cogun-

1522 3685 1607 3725 tur
1629 3674 1946 3740 agnoscere!

1583 3756 1645 3800 37
1683 3750 1889 3799 Movet-it
1914 3750 2177 3814 ingenium]
2216 3751 2492 3817 Impulerit
2513 3753 2581 3803 ad

1517 3828 1725 3892 aliquod
1748 3833 1899 3874 atrox
1921 3826 2108 3877 scelus.

1589 3903 1815 3953 ferventi
1857 3902 2011 3951 tincta
2061 3906 2257 3968 veneno]
2313 3904 2582 3967 Cupiditas

1521 3994 1752 4044 praeceps
1785 3984 1839 4026 et
1873 3977 2144 4027 vehemens
2180 3978 2493 4029 crudelitate
2525 3988 2582 4031 et

1519 4055 1891 4104 inhumanitate
1919 4054 2129 4117 stipata.

1585 4135 1650 4182 38
1691 4130 1930 4181 Virtutem
1952 4127 2170 4191 videant]
2216 4129 2346 4180 Tuu.
2368 4130 2406 4181 1.
2427 4144 2490 4182 ιι.
2514 4127 2599 4186 de'
