2992 4859
406 341 460 409 2
1188 349 1286 398 ns
1334 349 1583 400 rsasn
1632 346 1841 413 viz-A,

403 495 702 565 funditus
722 484 1029 572 sublata,¹
1076 491 1390 575 Romani,
1414 516 1577 563 cura
1618 515 1834 562 rerum
1878 494 2297 581 publicarum
2336 494 2616 574 omiss&

409 598 875 665 convertebant
923 596 1178 662 animos
1227 597 1317 661 ad
1364 618 1471 662 res
1519 599 1845 682 privatas,
1893 602 2092 682 atque
2142 615 2326 661 amor
2371 598 2610 681 patriae
2697 656 2702 663 .

405 700 830 783 studiumque
855 717 1070 762 rerum
1111 699 1559 763 communium
1606 699 1854 769 sensim
1898 699 2274 782 sensimque
2314 700 2611 782 extirpa·

404 803 613 868 batur.
689 799 856 865 Cum
879 800 1024 884 jam
1052 802 1138 865 ab
1162 802 1355 865 unius
1370 801 1828 869 benevolentia
1850 806 1962 883 aut
1985 799 2241 865 invidia
2260 801 2484 865 omnia
2506 799 2613 865 vel

406 901 827 988 expectanda
852 901 963 965 vel
1000 900 1291 967 timenda
1330 908 1578 980 essent,
1622 902 1692 966 id
1739 920 1964 966 omnes
2002 902 2305 985 agebant,
2334 906 2432 979 ut,
2462 901 2612 985 qui-

402 1007 815 1088 buscumque
841 1005 1042 1069 rebus
1071 1010 1368 1087 possent,
1386 1004 1668 1087 gratiam
1695 1006 1843 1090 ejus
1872 1008 2379 1089 aucuparentur,
2400 1024 2612 1089 neque

402 1107 765 1191 quidquam
794 1090 1288 1183 committerent,
1318 1105 1521 1189 quod.
1538 1106 1757 1170 minus
1803 1106 1898 1171 illi
1943 1106 2249 1189 placeret.
2342 1105 2614 1170 Delato-

399 1227 543 1273 rum
571 1227 768 1291 porro
795 1226 1048 1290 greges,
1094 1227 1214 1291 per
1258 1206 1526 1273 Italiam
1567 1227 1921 1291 omnesque
1954 1207 2332 1291 provincias
2359 1207 2608 1290 sparsi,

399 1328 536 1375 non
561 1309 745 1376 facta
768 1310 985 1383 solum
1011 1316 1081 1377 et
1101 1308 1306 1389 dicta,
1333 1312 1453 1375 sed
1474 1329 1563 1399 es
1583 1311 1670 1377 iis
1691 1311 1889 1379 etiam
1919 1308 2380 1376 intimaanimi
2407 1327 2610 1373 seusa

399 1411 832 1490 rimabantur,
869 1415 943 1475 et
973 1411 1085 1476 vol
1112 1410 1619 1476 domesticorum
1643 1410 1849 1475 fidem
1881 1410 2188 1475 infestam
2225 1409 2607 1475 reddebant.

401 1509 626 1591 Quam
673 1515 761 1577 ob
806 1533 946 1578 rem
988 1532 1184 1578 nemo
1228 1513 1505 1579 liberam
1539 1532 1774 1580 vocem
1801 1513 2096 1578 emittere
2124 1511 2455 1591 audebat3
2499 1510 2611 1577 vel
2745 1501 2754 1505 ’

396 1613 589 1681 taciti
619 1612 1098 1698 Imperatorum
1125 1615 1446 1707 insaniam
1469 1634 1710 1699 resque
1741 1614 1998 1699 imperii
2032 1617 2292 1677 mentes
2319 1613 2605 1695 aspicie·

397 1714 584 1793 bant,
628 1716 739 1780 vel
780 1716 1040 1781 occulte
1065 1720 1132 1780 et
1163 1716 1487 1799 ambigue·
1510 1717 1962 1799 loquebantur,
2013 1717 2384 1797 sortunque
2412 1732 2602 1781 suam

397 1813 584 1880 domi
609 1815 1066 1880 delitescentes
1093 1817 1423 1899 lugebant.
1515 1816 1684 1881 Inde
1711 1834 1974 1902 quoque
2001 1817 2323 1880 sermonis
2350 1815 2604 1883 indoles

395 1921 463 1980 et
487 1920 720 1981 natura
746 1918 1040 1989 colorem
1066 1919 1308 1999 traxit3
1352 1939 1531 2003 quar,
1574 1939 1727 1985 cum
1768 1925 1976 1987 autea.
2005 1917 2292 2001 simplex
2329 1924 2512 1983 esset
2535 1921 2607 1983 et

396 2022 655 2101 aperta,
685 2018 1224 2101 quandoquidem
1248 2021 1491 2085 nemini
1531 2020 1747 2085 fraudi
1775 2026 1938 2098 erat,
1976 2037 2058 2083 ea
2082 2019 2416 2103 proloqui,
2447 2039 2600 2103 qua

395 2119 780 2199 cogitasset,
808 2138 979 2184 nunc
1008 2120 1406 2187 obscuritate
1435 2120 1728 2204 quadam
1764 2120 2084 2186 obvoluta
2120 2124 2264 2183 erat
2301 2126 2368 2184 et
2403 2123 2601 2197 tecta,

397 2222 600 2309 atque
616 2237 659 2282 a
674 2220 957 2284 naturali
977 2220 1403 2304 simplicitate
1427 2223 1500 2286 in
1516 2221 1661 2286 dies
1673 2222 1892 2306 magis
1910 2221 2252 2305 magisque
2276 2220 2600 2286 deflexit.²

396 2318 561 2404 Ipsa
583 2320 959 2403 eloquentia
982 2320 1126 2387 foro
1155 2324 1386 2389 relicto
1410 2325 1514 2390 vel
1544 2325 1614 2388 in
1635 2324 2006 2389 scholarum
2027 2321 2429 2405 umbraculis
2450 2323 2604 2387 abs-

397 2419 666 2486 condita
721 2422 855 2486 situ
896 2426 1450 2509 corrumpebatur,
1503 2427 1613 2491 vel
1660 2428 1730 2491 in
1776 2431 2008 2491 senatu
2049 2424 2392 2508 peregrino
2441 2416 2602 2493 fuco

395 2522 652 2588 oblita
631 2541 701 2586 m
735 2523 1091 2589 laudandis
1130 2524 1642 2611 Imperatoribus
1685 2526 2154 2625 sermnisque
2191 2524 2450 2589 illorum
2479 2525 2599 2589 ab-

384 2626 567 2709 jecte
596 2626 1108 2708 comprobandis
1135 2632 1275 2691 erat
1301 2634 1673 2712 occupata3
1719 2646 1998 2712 cumque
2020 2642 2238 2689 rerum
2263 2643 2600 2708 arg-umen·

392 2732 739 2810 torumque
766 2728 1154 2809 magnitudo
1180 2728 1511 2809 deficeret,
1554 2730 1736 2825 inani
1767 2729 2116 2795 verborum
2153 2745 2419 2810 pompm
2448 2746 2600 2793 sen-

388 2818 866 2912 tentiarumque
921 2830 1163 2894 tumori
1196 2831 1568 2896 studebat-³
1655 2829 1866 2895 Sensu
1925 2827 2346 2893 sublimitatis
2393 2847 2602 2908 verae,¹

391 2927 680 3007 decoris,
706 2935 777 2995 et
799 2928 1223 3013 ingenuitatis
1248 2933 1511 3012 obtuso,
1535 2932 1825 2998 studium
1844 2924 2302 2996 collocabatur
2319 2929 2388 2992 in
2401 2930 2598 2994 rebus

390 3030 681 3108 minutis,
711 3037 778 3101 ct
814 3024 1125 3098 nouitatis
1157 3034 1467 3118 cupidine
1510 3042 1578 3100 et
1617 3030 1944 3103 acuminis
1979 3031 2196 3116 jejuni
2241 3031 2597 3113 scriptores

390 3128 660 3196 obscuri
688 3137 757 3196 et
793 3133 1001 3216 inepti
1028 3135 1286 3199 fiebant.
1378 3133 1646 3200 Mutata
1685 3136 1782 3200 rei
1822 3134 2118 3217 publicus
2158 3132 2370 3196 forma
2396 3133 2596 3196 mori·

387 3232 651 3316 busque
668 3234 976 3323 pristinis
995 3236 1238 3315 exutis,
1261 3256 1474 3302 sermo
1501 3237 1769 3322 quidem
1796 3238 1989 3302 novis
2019 3232 2314 3300 subinde
2328 3233 2595 3298 dicendi

387 3333 755 3399 rationibus
771 3341 840 3399 et
859 3338 1078 3405 verbis
1104 3338 1355 3421 passim
1385 3347 1620 3405 auctus
1635 3344 1757 3418 est,
1780 3339 2119 3423 praecipue
2148 3357 2191 3401 a
2213 3336 2594 3420 peregrinis,

389 3438 506 3520 qui
554 3434 889 3522 undique
883 3458 971 3505 ex
1019 3440 1381 3522 provinciis
1427 3441 1716 3506 Romam
1757 3440 2250 3517 confluxerant3
2297 3442 2372 3502 at
2390 3436 2597 3501 multa

386 3537 740 3619 contraxit,
770 3560 927 3631 quoe
956 3538 1291 3636 antiquam
1318 3546 1668 3633 puritatem
1696 3544 1842 3628 ejus
1865 3540 2340 3624 candoremque
2369 3543 2594 3625 conta·-

1390 3759 1602 3815 NOTAE

453 3878 479 3923 1
513 3872 676 3924 Tacit.
710 3872 900 3927 Annal.
945 3891 985 3927 ι.
1025 3884 1120 3943 163
1166 3878 1267 3930 Dio
1303 3882 1446 3932 cm.
1527 3879 1754 3930 Neronis
1771 3885 1992 3930 mortem
2007 3877 2244 3928 insecuta
2263 3882 2404 3942 sunt,
2417 3848 2592 3949 adum·

388 3962 547 4001 svm.
567 3954 651 4002 29.
673 3950 802 4001 iivb
805 3954 1078 4005 ..Reinar
1098 3957 1172 4006 Su
1173 3962 1311 4006 emto
1330 3956 1445 4006 nb.
1527 3956 1651 4006 bru
1654 3955 1712 4006 it.

254 4065 261 4073 -
384 4037 481 4096 87,
504 4031 759 4096 Pompou
782 4045 843 4083 ιι
875 4033 987 4097 §..1)
1026 4034 1274 4083 D.r.deo
1298 4034 1399 4085 Jur
1594 4033 1843 4084 SSenec.
1888 4034 2135 4099 controv.
2177 4030 2514 4096 praefi-dl.
2547 4046 2589 4082 1.

449 4110 713 4175 2Huequ
711 4109 1209 4175 oqneiormagpetin
1211 4118 1448 4175 et‚uqaru
1527 4108 1748 4161 Quintil.
1783 4109 2085 4159 lusam&
2131 4100 2586 4161 Auctordecor-

383 4186 592 4247 Tacitus
613 4170 783 4260 <uisa
821 4197 863 4235 1.
887 4183 963 4250 2.)
989 4190 1297 4250 temporum,
1329 4198 1445 4252 quae
1524 4198 1585 4238 ιιι
1589 4192 1667 4253 pt.
1690 4186 1826 4252 eleq.
1850 4199 1898 4236 c.
1921 4187 2006 4249 24,
2022 4189 2108 4249 28,
2130 4187 2213 4236 82.
