2992 4859
844 306 1200 371 uomstJS,
1249 307 1340 357 Εἰ·
1385 306 1804 364 somnum.
1835 309 2163 362 cunnus.
2564 297 2611 361 7

405 467 554 515 rum
599 452 932 517 communi
979 454 1233 519 ratione
1280 452 1625 533 describit,
1674 453 1796 521 sed
1833 438 2064 521 omnes
2085 459 2260 521 artcs
2301 457 2607 533 assumit,

404 553 655 637 quibus
677 555 885 637 potita
924 557 1021 620 uti
1067 558 1286 639 possit
1315 563 1390 623 et
1427 557 1688 635 debeat,
1739 559 1964 623 omnia
1998 557 2156 622 loca
2195 562 2267 622 et
2309 558 2610 640 regiones

404 650 602 737 quasi
645 656 935 734 ridiculi,
974 657 1245 724 invidia)
1279 663 1359 724 et·
1381 658 1847 742 indignationis
1884 666 2370 743 perscrutatur,
2391 678 2609 743 eaque

401 754 553 821 inde
596 756 943 840 depromit,
990 758 1234 841 quibus
1280 759 1546 825 lectoris
1598 761 1914 838 animum,
1961 779 2385 844 quocumque
2422 760 2605 838 velit,

402 856 648 936 flectat,
700 859 1029 943 simulque
1082 866 1301 929 teneat
1344 866 1550 949 atque
1599 862 1902 928 delectet.
2011 860 2250 946 Neque
2307 868 2506 929 v‘ero.
2522 863 2608 928 de

400 959 712 1031 universo
750 960 1061 1027 vitiorum
1104 976 1361 1044 genere
1384 965 1544 1045 agit
1568 963 1792 1048 poeta,
1834 963 1955 1029 sed
2000 969 2088 1028 ut
2116 983 2272 1029 cum
2308 964 2609 1048 personis
2705 1046 2712 1053 ο

392 1058 628 1142 juncta
653 1081 801 1129 esse
830 1064 1111 1142 soleant,
1141 1064 1292 1131 loco
1320 1084 1588 1149 quoque
1616 1071 1686 1130 et
1724 1071 2022 1149 tempore
2061 1063 2355 1130 definito.
2444 1063 2607 1132 Per*

400 1178 586 1228 sonae
634 1170 917 1246 possunt
954 1185 1108 1231 esse
1153 1165 1263 1232 vel
1311 1165 1513 1244 fictae,
1564 1165 1652 1231 ad
1697 1166 1926 1231 vivum
1973 1172 2191 1231 tamen
2234 1172 2603 1251 expressae,

399 1265 509 1331 vel
554 1284 756 1344 verae,
802 1266 1200 1350 turpitudine
1244 1273 1425 1334 notae
1464 1274 1668 1352 atque
1708 1268 2024 1351 insignes·
2115 1268 2272 1347 Quo
2317 1270 2388 1334 id
2417 1289 2597 1338 asse-

398 1366 621 1451 qm‘tur
663 1366 892 1451 poeta,
937 1374 1013 1434 ut
1065 1372 1305 1453 paucis
1361 1376 1611 1439 tantum
1666 1371 1861 1437 lineis
1918 1371 2140 1437 ductis
2180 1370 2606 1437 vividissima

396 1468 706 1535 vitiorum
732 1470 949 1552 imago
974 1490 1333 1555 eorumque
1357 1471 1718 1557 turpitudo
1743 1479 1814 1537 et
1853 1472 2233 1539 deformitas
2260 1477 2409 1538 ante
2433 1491 2599 1538 ocu·
2600 1494 2611 1505 ·

396 1569 509 1639 1oe
529 1572 942 1648 obversetur,
972 1592 1128 1641 cum
1155 1574 1458 1652 bominis,
1486 1574 1598 1643 cui
1644 1594 1728 1638 ea
1763 1575 2006 1653 insunt,
2037 1575 2385 1652 sentiendi,
2415 1573 2600 1657 cogi-

396 1672 579 1749 tandi
608 1680 676 1745 et
701 1674 936 1757 agendi
962 1675 1286 1741 rationem
1323 1676 1506 1741 velut
1532 1675 1751 1741 oculis
1776 1677 2207 1761 couoemplari
2234 1676 2605 1741 videamur,

397 1772 648 1849 Omnes
676 1774 1088 1857 imaginaret
1112 1775 1600 1853 similitudines,
1629 1776 1872 1859 quibus
1894 1778 2123 1855 utitur,
2169 1798 2209 1842 e
2252 1778 2393 1851 vita
2419 1797 2601 1843 com·

392 1876 578 1943 muni
628 1878 887 1960 petitae,
907 1882 1083 1961 aptae
1130 1882 1328 1961 atque
1372 1876 1663 1963 insigms
1713 1876 1953 1943 debent
2000 1898 2170 1958 esse,
2215 1870 2593 1963 omniaque,

396 1995 552 2061 (ιω
582 1978 1016 2062 profenmtur,
1045 1979 1144 2044 ita
1170 1978 1592 2063 temperanda
1618 1984 1792 2057 sunt,
1820 1985 1899 2045 ut
1924 1981 2035 2063 agi
2063 1981 2429 2056 videantur,
2456 1999 2592 2043 non

390 2081 660 2161 narrari.
750 2079 983 2158 Ratio,
1011 2094 1150 2165 qua
1174 2100 1281 2145 res
1308 2082 1579 2147 tractari
1604 2083 1892 2165 possint,
1919 2084 2270 2167 multiplex
2292 2087 2416 2159 est,
2437 2101 2590 2166 par·

394 2182 645 2265 timque
672 2201 718 2249 a
742 2182 967 2265 poetae
1012 2182 1234 2248 indole
1276 2188 1345 2248 et
1378 2188 1633 2262 uatrrra,
1664 2184 1910 2267 partim
1953 2186 2041 2250 ab
2086 2186 2450 2269 argumenti
2484 2202 2590 2248 ra·

394 2282 571 2349 tione
597 2283 898 2367 pendet„
950 2285 1477 2375 Semper-autem
1504 2285 1759 2370 impetn
1807 2287 2035 2370 aliquo
2080 2287 2322 2352 ductus
2371 2286 2594 2351 satiri-

247 2351 251 2354 *
360 2374 515 2453 *cus
552 2385 763 2453 videri
812 2386 1009 2453 debet
1049 2387 1156 2452 vel
1201 2387 1449 2469 ridendi
1499 2389 1610 2453 vel
1656 2389 1995 2472 carpendi,
2042 2391 2591 2472 occasionemque

388 2489 681 2557 oblatam
707 2490 1088 2573 arripuisse,
1118 2509 1253 2555 non
1278 2491 1717 2575 quaesivisse}
1759 2493 2085 2576 optimum
2110 2491 2307 2574 igitur
2327 2488 2593 2557 dicendi

388 2609 625 2673 genus,
650 2590 830 2673 quod
854 2589 1173 2659 adbibere
1199 2591 1440 2675 possit,
1468 2591 1601 2658 hoc
1639 2597 1765 2669 est,
1816 2592 2002 2676 quod
2044 2599 2287 2676 sponte
2327 2599 2396 2657 et
2437 2611 2475 2655 e
2518 2608 2591 2655 re

388 2695 635 2769 natum,
664 2710 797 2757 non
843 2689 961 2755 diu
1008 2693 1377 2809 quaesimm
1389 2692 1670 2761 videtur.
1761 2692 1843 2757 In
1868 2713 2001 2778 qno
2028 2689 2230 2761 etiam
2255 2711 2380 2757 nec
2408 2710 2590 2757 acer-

390 2793 565 2861 bitas
612 2798 812 2859 nocet
852 2812 973 2858 nec
1023 2793 1403 2870 acrimonia,
1456 2795 1520 2858 si
1568 2812 1673 2859 res
1720 2793 1815 2859 ita
1860 2795 2179 2877 postulat,
2231 2790 2591 2859 dummodo

387 2896 640 2963 salibus
666 2900 737 2959 et
762 2896 1135 2963 urbanitate
1173 2895 1471 2980 quadam
1499 2899 1862 2979 temperata
1887 2896 1997 2974 sit,
2021 2915 2105 2959 ne
2131 2894 2202 2959 in
2225 2913 2407 2959 mera
2435 2912 2592 2959 con·

386 2998 571 3067 vicia
594 3017 702 3063 res
728 2998 947 3062 abeat.
1004 2997 1110 3075 ‚Si
1153 3016 1311 3063 vero
1338 2996 1632 3063 studium
1653 3003 1955 3083 apparet,
1984 2998 2197 3063 omnis
2223 2993 2592 3075 satiraeyis

386 3098 876 3187 quodammodo
929 3099 1315 3167 debilitatur.
1350 3104 1418 3165 et
1460 3100 1797 3183 frangitur,
1845 3100 2210 3185 praesertim
2248 3099 2318 3165 id
2360 3104 2589 3182 genus,

387 3201 570 3285 quod
596 3203 733 3267 risu
759 3208 827 3271 et
852 3203 1110 3271 facetiis
1139 3203 1482 3269 hominum
1511 3202 1857 3269 stultitiam
1885 3203 2204 3286 exagitat.
2292 3201 2416 3266 Est
2441 3202 2590 3285 qui·

385 3303 543 3369 dam
569 3324 778 3369 rerum
805 3303 997 3381 ordo,
1027 3306 1142 3389 qui
1171 3306 1388 3389 primo
1419 3297 1698 3390 aspectu
1726 3306 1985 3370 solutus
2028 3324 2177 3369 esse
2212 3302 2473 3368 videtur
2499 3321 2585 3368 ac

382 3407 574 3486 liber,
601 3407 821 3489 qualis
848 3425 995 3471 esse
1025 3406 1221 3484 solet,
1251 3426 1404 3471 cum
1433 3407 1570 3489 ipsi
1597 3406 1803 3488 quieti
1831 3405 2239 3489 imaginandi
2281 3404 2581 3469 facultati

384 3510 820 3593 pennittimus
865 3510 934 3573 in
975 3508 1379 3573 latissimum
1406 3529 1621 3573 rerum
1650 3527 1983 3593 campum,
2030 3524 2449 3591 quacumque
2476 3507 2581 3570 lu-

382 3611 517 3688 bet,
547 3611 905 3694 expatiari,
951 3628 1089 3693 quo
1117 3615 1289 3675 tunc·
1319 3611 1389 3674 in
1428 3609 1653 3673 animo
1681 3629 1787 3675 res
1814 3609 2041 3687 rebus,
2067 3609 2389 3691 imagines
2415 3608 2587 3672 ima·

380 3713 647 3795 ginibus
675 3711 1032 3777 succedere
1059 3713 1334 3790 soleant,
1385 3717 1581 3796 prout
1622 3712 1733 3777 vel
1783 3711 1983 3776 simul
2022 3700 2274 3794 junctae
2320 3709 2582 3788 fuerint,

384 3815 493 3883 vel
515 3814 945 3881 similitudine
983 3815 1207 3900 aliqua
1247 3815 1579 3899 copulatae
1607 3815 1758 3879 sint.
1847 3812 2050 3877 Hunc
2095 3806 2388 3878 ordinem
2434 3812 2584 3876 imi·

382 3916 630 3981 tabitur
650 3916 1001 3981 satirarum
1025 3916 1326 4000 scriptor,
1358 3928 1814 4001 summamque
1841 3917 2048 3982 artem
2085 3913 2158 3978 iu
2195 3914 2375 3980 omni
2420 3913 2581 3979 artis

352 4017 761 4101 ›strspicione
789 4016 1159 4082 amovenda
1186 4016 1572 4108 declarabit.

471 4116 604 4185 His
633 4117 822 4186 lineis
865 4116 951 4184 de
999 4118 1306 4188 universo
1332 4137 1564 4208 genere
1605 4117 1878 4190 satirico
1901 4117 2143 4198 ductis,
2170 4115 2260 4186 ad
2284 4120 2580 4183 nostrum
