2992 4859
1206 367 1658 424 mviii-uus.
2362 361 2537 428 1179

312 514 778 592 judin-cetina,
822 539 970 600 qm
1004 520 1259 583 Baebius
1294 524 1435 585 loeo
1470 545 1656 603 supra
1699 524 2323 587 hau-exuefflot.
2361 536 2540 597 1474.

320 624 381 670 et
414 621 590 677 1511.
614 620 938 697 uwpdt,
978 639 1251 699 queque
1276 621 1337 679 in
1368 623 1506 680 Var.
1536 623 1703 683 Leet.
1731 642 1792 683 n.
1824 629 1921 683 52.
1973 632 2031 681 et
2061 629 2160 683 53.
2205 623 2538 703 designavi·

326 727 477 780 mus,
521 731 643 772 uon
673 714 917 775 multum
949 717 1215 777 utilitatis
1243 718 1317 778 ad
1346 720 1535 797 ipsum
1562 720 1906 780 Juvenalem
1933 718 2368 780 emendandum
2397 720 2534 781 inde

325 806 786 871 redundaturum
829 832 960 873 esse
1001 815 1330 892 opinamur.
1416 817 1573 875 Nihil
1621 818 1681 875 in
1729 815 1797 876 iis
1842 826 1953 887 est,
2001 816 2163 895 quod
2193 825 2299 877 aut
2327 816 2535 877 tollere

323 903 482 975 velis,
512 917 618 965 aut
648 927 765 966 non
797 928 871 967 ex
898 909 1025 968 aliis
1055 910 1217 969 libris
1236 911 1369 988 jam
1396 921 1698 974 enotatum
1733 915 1834 972 sit.

406 1000 629 1062 Eodem
659 1023 818 1063 anno
851 1014 1025 1074 1474.
1056 1008 1259 1067 Romae
1276 1007 1336 1066 in
1354 1008 1563 1085 vulgus
1589 1008 1897 1087 prodiere:

400 1096 631 1176 Δηώ·
697 1099 907 1161 Sabini
963 1102 1277 1182 paradoxa
1339 1106 1407 1164 in
1447 1106 1781 1166 Menke·
1826 1108 2034 1167 Romae
2073 1126 2185 1186 per
2238 1105 2536 1189 Angelu-

327 1191 562 1255 sadud
584 1194 658 1255 de
690 1194 1056 1258 Reicltenhal
1074 1206 1131 1259 et
1164 1199 1449 1260 Bas-thol.
1480 1199 1700 1264 Gobdi
1719 1201 1792 1264 de
1813 1203 2168 1264 Hohnbm
2201 1203 2536 1266 clericos-

328 1288 426 1350 fol.
460 1299 635 1360 1474.

326 1396 384 1446 et
427 1389 604 1466 paulo
632 1400 801 1467 post:
854 1393 1119 1452 Min·
1149 1391 1451 1455 Calda-iu
1482 1397 1827 1459 Veronensis
1859 1398 2285 1458 &meria
2325 1397 2392 1455 in
2419 1394 2536 1456 Ja-

329 1485 540 1544 mal-‘s
567 1485 841 1566 Satyrus,
872 1490 1263 1550 Roma—fol.
1298 1499 1474 1559 1474.

330 1579 374 1638 si
400 1578 548 1640 fides
570 1581 849 1644 habenda
866 1585 1136 1646 Fabricio
1156 1595 1213 1645 et
1235 1587 1374 1646 Soc.
1394 1586 1653 1666 Bipont„
1674 1592 1835 1668 (qum
1849 1609 1922 1649 ex
1939 1596 2101 1668 parte
2118 1588 2389 1649 firmatur
2403 1588 2538 1649 sub·

331 1677 643 1755 scriptione
664 1680 777 1740 Ed.
798 1682 941 1742 Ven.
973 1689 1148 1750 1475.
1168 1693 1227 1742 et
1248 1683 1483 1743 Vicent.
1512 1693 1684 1745 1480.
1708 1705 1886 1764 quam
1907 1705 2043 1746 mox
2065 1685 2538 1759 memorabimus)

332 1792 431 1833 nec
456 1776 652 1853 potius
678 1777 974 1854 paradoxa
994 1779 1097 1838 illa
1113 1779 1243 1857 jam
1265 1789 1403 1840 ante
1424 1800 1480 1841 a.
1519 1789 1692 1851 1473.
1722 1782 1881 1862 typis
1909 1801 2186 1861 expressa
2212 1792 2369 1842 sunt.
2433 1782 2539 1841 Sa·

334 1867 573 1932 bellicus
602 1885 765 1934 certe
791 1875 876 1950 (h.
898 1896 953 1935 e.
979 1877 1066 1935 M.
1088 1876 1313 1937 Anton.
1336 1876 1611 1949 Coccius,
1631 1878 1728 1940 cui
1758 1878 1904 1938 illud
1935 1898 2145 1939 nomen
2174 1880 2540 1959 imposuerat

331 1965 477 2027 Petr.
509 1969 784 2042 Calaber,
827 1983 1156 2052 praeceptor
1181 1972 1331 2050 ejus,
1362 1973 1466 2051 qui
1496 1973 1646 2053 ipse,
1691 1973 1916 2034 solenni
1945 1975 2096 2035 illius
2126 1976 2233 2036 aevi
2263 1994 2445 2045 more,
2475 1975 2538 2034 in

331 2064 600 2126 sodalitio
650 2068 933 2129 bonarum
981 2069 1300 2140 literarum,
1346 2071 1550 2130 Romae
1585 2091 1622 2131 a
1648 2069 2004 2131 doctissimis
2033 2072 2194 2131 Italis
2242 2070 2534 2143 instituto,

330 2181 541 2223 nomen
585 2164 733 2224 Julii
776 2165 1086 2245 Pomponii
1131 2165 1351 2236 Sabini,
1397 2167 1488 2225 vel
1522 2166 1694 2237 Loeti,
1735 2168 1825 2227 vel
1866 2167 2167 2228 Fortunati
2192 2176 2255 2227 et
2281 2166 2540 2227 Infortu·

314 2260 455 2326 ‚uati
479 2260 792 2337 asciverat)
831 2264 1057 2323 amicus
1084 2271 1145 2323 et
1174 2263 1475 2341 municeps
1507 2264 1768 2336 Domitii,
1813 2264 1870 2323 in
1917 2264 2182 2343 Dialogis
2206 2264 2282 2324 de
2309 2263 2538 2324 Latinas
2595 2275 2606 2286 '

334 2355 543 2435 linguae
571 2359 962 2438 reparatione,
1007 2378 1158 2439 quos
1183 2359 1449 2419 Obertus
1477 2359 1753 2421 Gisanius
1784 2360 2152 2420 recudendos
2195 2359 2422 2420 curavit
2461 2357 2538 2418 ad

335 2454 555 2515 calcem
604 2457 944 2516 Observatt.
993 2456 1208 2535 linguae
1262 2457 1418 2527 Lat„
1462 2456 1662 2528 tradit,
1710 2465 1725 2490 ‘
1749 2456 2036 2517 Sabinum
2082 2457 2311 2535 aliquot
2355 2475 2538 2516 annos

334 2562 469 2612 ante
512 2554 841 2614 Domitium
893 2554 954 2613 in
1000 2554 1341 2614 Juvenalem
1395 2555 1763 2624 Quaestiones
1797 2554 2074 2634 quasdam
2104 2554 2541 2615 accuratissime

334 2650 794 2730 conscripsisse!
874 2652 1048 2712 Forte
1078 2660 1271 2712 tamen
1299 2669 1434 2730 quae
1462 2652 1798 2730 scripserat,
1842 2669 1958 2712 non
1989 2651 2298 2712 confestim
2325 2649 2539 2712 edidit.

337 2747 597 2826 Quoquo
625 2745 804 2808 modo
830 2765 890 2806 se
916 2765 1009 2806 res
1034 2746 1274 2818 habeat,
1318 2755 1554 2807 constat
1580 2748 1809 2818 saltem,
1858 2748 1967 2807 hos
1993 2747 2334 2808 duumviros
2364 2746 2542 2808 fuisse

337 2843 571 2921 primos,
602 2843 709 2923 qui
735 2842 1184 2904 commentarios
1209 2844 1267 2903 in
1297 2843 1452 2904 hunc
1481 2851 1738 2922 poetam,
1782 2845 1828 2904 si
1853 2864 1972 2904 non
1993 2844 2349 2922 scripserint,
2380 2851 2542 2902 certe

334 2939 643 3002 ediderint.
727 2941 865 3001 Non
912 2949 1113 3002 carent
1157 2940 1239 3000 illi
1287 2940 1464 3001 docta
1508 2940 1849 3013 subtilitate,
1899 2939 2279 3019 temporibus,
2326 2938 2540 3018 quibus

338 3036 554 3118 vulgati
601 3047 761 3111 sunt,
808 3039 1237 3112 condonanda3
1284 3038 1389 3099 sed
1428 3039 1647 3116 judicii
1695 3058 2015 3117 sensusque
2042 3036 2388 3117 elegantiam
2420 3034 2539 3096 sere

339 3133 654 3197 desideres.
738 3137 1097 3198 Dominicis-s
1146 3136 1218 3198 de
1262 3134 1583 3207 Caldus-iis,
1627 3136 1765 3207 sive,
1812 3143 1876 3194 ut
1904 3134 2020 3195 dici
2060 3134 2289 3204 maluit,
2330 3133 2544 3194 Doni-

338 3234 455 3294 τίω
477 3231 832 3294 Camerinus
857 3233 1044 3311 (quod
1066 3253 1391 3313 cognomen
1412 3234 1652 3313 quidam
1668 3231 1970 3294 deducunt
1989 3250 2025 3293 a
2047 3231 2319 3301 Caldara,
2345 3229 2540 3289 viculo

338 3348 518 3410 prope
545 3330 837 3391 Veronam
867 3331 999 3402 sito,
1027 3330 1130 3392 ubi
1157 3341 1324 3393 natus
1348 3330 1632 3405 creditur)
1673 3338 1893 3390 tantam
1921 3329 2061 3389 olim
2091 3326 2302 3407 ingenii
2330 3326 2544 3388 doctri-

338 3447 545 3506 naeque
565 3426 780 3488 samam
802 3428 1138 3506 collegerat,
1171 3437 1254 3499 ut,
1281 3448 1417 3488 cum
1438 3447 1622 3488 annos
1645 3426 1906 3487 nondum
1935 3441 2135 3486 xxw.
2167 3434 2337 3486 natus
2362 3432 2539 3496 esset,

341 3543 375 3585 a
403 3524 585 3584 Paulo
616 3540 697 3585 11.
746 3526 999 3585 Romam
1046 3535 1411 3598 evocaretur,
1452 3525 1665 3586 artium
1711 3523 2034 3585 liberalium
2065 3522 2302 3601 publice
2327 3520 2542 3581 docen-

345 3620 546 3681 darum
575 3639 776 3691 causa,
817 3629 880 3680 et
903 3640 940 3681 a
964 3621 1134 3681 Sixto
1179 3638 1273 3682 ιν.
1319 3620 1398 3682 ad
1447 3621 1792 3700 dignitatem
1844 3619 2164 3681 secretarii
2206 3618 2543 3698 Apostoli&

341 3721 698 3779 eveheretur.
783 3718 1002 3779 Praeter
1025 3719 1138 3778 alia
1164 3718 1617 3779 commentarios
1661 3716 1897 3798 scripsit
1940 3717 2001 3777 in
2037 3716 2073 3778 J
2079 3714 2398 3787 uvcualem,
2447 3713 2542 3775 Si·-

345 3814 504 3886 lium,
552 3813 725 3874 Statii
768 3813 996 3893 Sylvas,
1041 3815 1389 3885 Martialem,
1435 3814 1634 3877 Ovidii
1664 3814 1821 3887 Ibin,
1864 3812 2229 3891 Suetonium,
2274 3809 2540 3890 Sappho,

344 3912 727 3991 Propertium,
768 3919 829 3971 et
854 3911 1150 3973 Ciceronis
1199 3911 1492 3993 Epistolas
1531 3911 1610 3973 ad
1647 3911 1963 3980 Atticumg
2006 3909 2176 3989 plura
2203 3927 2363 3980 vero,
2406 3927 2542 3986 (με

344 3999 714 4078 moliebatur,
776 4007 1085 4070 immatura
1134 4028 1288 4070 mors
1336 4006 1686 4088 intercepit:
1750 4007 1899 4068 obiit
1943 4005 2099 4066 enim
2145 4023 2302 4064 anno
2349 4003 2541 4065 aetatis

345 4121 515 4170 xxx.
545 4125 605 4185 p.
635 4105 777 4167 Chr.
814 4113 986 4176 1477.
1069 4106 1503 4169 commentaria
1530 4106 1592 4167 in
1614 4105 1953 4168 Juvenalem
1977 4102 2279 4182 inscripsit
2302 4099 2545 4163 Juliano

348 4201 592 4274 Medici,
652 4210 714 4264 et
756 4200 819 4263 in
860 4201 973 4264 bac
1020 4200 1396 4266 dedicatione
1443 4199 1775 4284 profitetur,
1819 4208 1838 4236 ⁸
1866 4220 1931 4266 se
1969 4198 2266 4263 Juvenalis
2303 4198 2540 4278 satyra·

346 4316 499 4363 nova
522 4299 1015 4370 commentatione
1039 4298 1332 4384 explicare
1358 4310 1660 4378 conatum,
1699 4299 1841 4366 licet
1881 4295 1946 4365 in
1980 4289 2054 4364 iis
2091 4292 2538 4376 interpretandis
