2992 4859
509 323 653 394 '300
745 297 754 306 ⁰
1192 339 1336 390 nso
1347 319 1586 388 ansus
1636 319 2065 388 ιιιιίτιοιιιιιι

518 473 671 551 esse
699 471 971 549 eosdem
989 469 1289 551 ⁴editores
1333 490 1513 549 recte
1550 467 1939 566 designasse
1956 479 2307 572 principun
2333 469 2551 547 Persii
2577 481 2716 548 edi·

518 586 805 668 tionem3
834 593 901 651 et
925 588 1122 653 etiam
1152 587 1211 651 si
1238 589 1438 665 recte,
1470 595 1942 669 argumentum,
1986 605 2119 673 quo
2146 589 2420 650 utuntur
2463 583 2552 650 ad
2580 584 2721 652 dis-

519 690 928 766 cernendam,
990 689 1579 774 stabiliendamque
1654 687 1926 753 eandem
1970 689 2349 766 editionem,
2394 694 2467 752 ut
2521 687 2720 753 nobis

516 790 795 867 videtur,
839 788 1078 853 deficit.
1179 789 1551 854 Secundum
1579 789 1785 853 alium
1826 789 2149 876 quendam
2184 787 2720 874 bibliographum

520 891 698 977 quod
755 887 1046 955 obtulere
1106 892 1627 975 exscripserunt,
1609 912 1625 929 ·
1695 895 1761 956 et
1816 894 2196 956 sententiam
2248 892 2395 975 ejus
2453 889 2720 956 citando

517 993 819 1059 videntur
852 994 1188 1076 probasse.
1284 991 1492 1059 Aiunt
1538 994 1621 1059 de
1668 994 1888 1058 Persii
1933 994 2221 1059 editione
2258 995 2400 1059 sine
2440 1012 2614 1057 anno
2660 999 2724 1057 et

515 1094 690 1172 loco,
730 1096 1114 1179 scriptorem
1159 1094 2149 1162 catal-Biblioth.Hu1sianae
2195 1096 2485 1161 omnium
2533 1095 2723 1160 Prin·

521 1197 738 1280 cipem
768 1216 1051 1276 censere,
1081 1217 1169 1262 ex
1194 1217 1392 1264 versu
1425 1200 1542 1285 qui
1571 1201 1639 1264 in
1668 1200 1794 1264 fine
1820 1200 2099 1283 legitur.

784 1297 1139 1383 ‘Explicit
1167 1297 1411 1386 ignotus
1437 1322 1558 1387 per
1585 1307 1796 1367 totum
1824 1300 2096 1365 Persius
2123 1297 2387 1365 orbem?

522 1398 619 1467 At
645 1400 912 1486 quidem
941 1401 1051 1466 hic
1080 1402 1254 1466 idem
1284 1423 1512 1468 versus
1541 1423 1676 1468 non
1704 1403 1974 1468 editoris
2004 1407 2119 1466 aut
2150 1402 2570 1485 impressoris
2597 1407 2722 1482 est,

525 1502 643 1567 sed
675 1523 715 1567 e
743 1504 994 1582 codice,
1024 1503 1424 1584 nifallimur,
1451 1525 1651 1590 quem
1672 1504 1819 1589 jam
1841 1503 2301 1580 indicavimus,
2327 1504 2725 1586 exscriptus.

526 1602 613 1668 Et
640 1604 784 1669 sive
811 1611 1036 1670 auctor
1060 1624 1177 1689 per
1204 1603 1484 1692 ignotum
1524 1605 1919 1672 intellexerit
1963 1609 2116 1682 (usu
2154 1604 2461 1668 nimirum
2495 1604 2733 1717 figuras

526 1706 865 1784 orationis,
912 1710 990 1771 ut
1059 1704 1289 1770 Graeci
1358 1713 1626 1771 utuntur
1666 1732 1723 1769 α
1776 1705 2069 1769 intensivo
2126 1726 2321 1791 aeque
2375 1726 2455 1770 ac
2513 1704 2731 1790 priva-

526 1803 683 1887 tivo)
724 1803 907 1869 valde
937 1815 1183 1870 notum·
1160 1858 1179 1880 ,
1225 1826 1344 1872 seu
1367 1828 1512 1894 prae
1541 1808 1911 1890 ignorantia
1938 1811 2037 1887 (ut
2074 1808 2311 1873 scribae
2340 1807 2438 1872 illi
2465 1826 2730 1872 monas·-

525 1908 645 1973 tici
672 1909 1047 1992 saepissime
1075 1928 1148 1974 se
1182 1906 1548 1994 gesserunt)
1584 1910 1962 1994 scripserit;
2007 1928 2129 1973 seu
2172 1908 2376 1993 (quod
2419 1910 2731 1992 probabi-

526 2009 659 2074 lius
697 2010 985 2092 videtur)
1027 2031 1149 2095 per
1199 2010 1483 2099 ignotum
1522 2010 1611 2076 de
1667 2010 1902 2076 Persio
1951 2030 2093 2093 prae
2144 2010 2458 2075 'omnibus
2506 2009 2730 2093 politis

524 2106 774 2173 obscuro
801 2110 1133 2193 ὶμφατικῶς
1154 2113 1348 2198 quasi
1375 2113 1636 2192 luserit3
1665 2117 2021 2196 utcumque
2048 2112 2158 2190 sit,
2178 2129 2465 2176 versuse
2492 2109 2729 2174 codice

531 2210 824 2294 quodam
852 2212 1136 2277 derivari
1161 2212 1449 2292 videtur,
1491 2213 1777 2297 ideoque
1807 2212 2029 2298 quoad
2073 2210 2351 2298 impressi
2381 2212 2535 2277 lib'ri
2560 2212 2735 2275 anti·-

525 2311 853 2395 quitatem
880 2313 1042 2376 nihil
1068 2314 1327 2396 probat.

619 2413 726 2479 De
756 2407 1228 2479 omissionibus
1254 2415 1479 2480 forsan
1513 2407 1657 2499 jam
1694 2416 1881 2495 satis,
1914 2436 2066 2481 cum
2092 2414 2174 2480 de
2200 2414 2527 2498 Rupertio
2557 2405 2733 2478 dixi-

525 2513 696 2596 mus,
743 2537 895 2582 nam
940 2518 1055 2582 ille
1105 2519 1173 2581 in
1228 2535 1428 2604 quam
1479 2517 1785 2602 plurimis
1842 2524 2113 2584 secutus
2160 2522 2266 2583 est
2308 2516 2731 2599 Bipontinos.

537 2616 805 2683 Paucas
834 2625 1073 2700 tamen,
1101 2626 1168 2686 et
1195 2638 1595 2718 perpaucas,
1625 2619 1950 2686 editiones
1991 2620 2372 2684 notabimus
2404 2614 2568 2683 ubi
2550 2636 2735 2681 mve-

533 2717 709 2784 nitur
735 2701 1009 2786 Persius
1039 2740 1083 2784 a
1109 2719 1438 2787 Iuvenale
1459 2720 1853 2805 disjunctus.
1906 2719 2057 2785 Has
2084 2723 2307 2783 notare
2329 2738 2463 2783 non
2490 2717 2621 2783 fuit
2647 2738 2736 2784 ex

534 2822 876 2904 proposito
903 2828 971 2889 et
997 2824 1251 2888 ratione
1281 2821 1615 2907 Ruperfii,
1645 2823 1900 2907 quippe
1929 2822 2044 2908 qui
2067 2818 2458 2886 Iuvenalem
2486 2824 2739 2884 tantum

531 2919 776 2987 ederet.

620 3021 837 3088 Persii
885 3022 1166 3109 Satyrae,
1217 3043 1371 3089 cum
1416 3023 1784 3090 Comme-nt.
1838 3021 2136 3088 Bai-thol.
2166 3020 2410 3087 Fontii.
2498 2950 2740 3088 Franc-

622 3224 865 3310 Satyra
892 3227 1081 3290 tertia
1109 3225 1325 3292 Persii
1353 3246 1506 3292 cum
1529 3226 1721 3294 Nott.
1746 3226 2021 3306 Vorstii,
2052 3223 2237 3311 Lips-
2266 3225 2463 3292 1675.

622 3324 894 3393 Glossae
922 3326 1197 3394 Veteres
1225 3329 1295 3394 in
1319 3329 1647 3410 Persium,
1665 3350 1819 3396 cum
1848 3329 2112 3396 collatis
2140 3327 2311 3394 Mss.
2331 3324 2739 3405 casauboni,

536 3428 690 3496 Bvo.
722 3428 921 3495 Bodl.
952 3428 1168 3497 Catal-
1221 3430 1453 3497 Titulo
1483 3440 1729 3498 carent.

553 3531 789 3599 Vita
814 3538 882 3599 et
907 3532 1051 3598 Sat
1081 3532 1324 3613 Persii,
1352 3536 1488 3599 4to.
1514 3531 1678 3600 Aur.
1705 3531 2180 3600 Allobr.1640.

624 3633 864 3700 Versio
909 3632 1197 3714 Anglica
1240 3635 1326 3699 ab
1373 3635 1549 3701 Heu.
1596 3634 1914 3713 Eelbeck‚
1961 3625 2745 3717 Ludimagistro,12mo.

541 3733 758 3801 Lond.
789 3737 982 3803 1719.
1012 3756 1164 3801 cum
1192 3739 1427 3821 paucis
1456 3739 1634 3804 notis
1674 3742 1741 3803 et
1780 3739 1924 3803 vita
1956 3735 2174 3800 Persii
2200 3732 2408 3802 brevi
2491 3729 2741 3798 Versio

538 3825 835 3913 literalis,
866 3836 1201 3920 prosaica,
1232 3856 1388 3902 cum
1416 3836 1760 3903 Indicibus
1791 3836 1943 3901 Lat.
1967 3840 2036 3901 et
2061 3834 2263 3918 Angl.

627 3936 903 4003 Persius
942 3937 1294 4004 translated
1341 3939 1477 4003 into
1528 3936 1805 4022 English
1852 3955 2073 4022 prose,
2118 3937 2276 4006 with
2310 3934 2746 4020 explanatory

541 4035 783 4121 Notos,
825 4039 920 4124 by
968 4035 1264 4104 Thomas
1314 4038 1663 4119 Sheridan‚
1707 4039 1862 4106 Svo.
1913 4035 2186 4103 Dublin.
2234 4033 2410 4103 1728
2414 4033 2745 4102 -Edifio

538 4133 700 4219 2da,
710 4159 864 4207 cum
885 4137 1119 4212 Indice
1148 4143 1215 4206 et
1242 4144 1414 4209 text.
1439 4139 1594 4209 Lat.
1621 4131 2040 4227 vulgatafui't
2060 4139 2275 4206 Iaond.
2303 4137 2745 4207 1⁷39.12mo.
