2992 4859
1212 289 1286 341 A.
1336 281 1587 337 981811
1630 275 1899 336 muel

1464 1250 1680 1304 NOTAE

467 1371 729 1439 spondent
745 1368 856 1420 axis
875 1368 1131 1420 secundus
1152 1374 1209 1419 et
1227 1374 1342 1420 rota
1355 1327 1530 1434 poste·
1608 1365 1827 1432 Triplex
1867 1365 2130 1417 libertatis
2170 1375 2332 1429 genus
2374 1363 2492 1427 lege
2535 1361 2675 1426 epud

465 1449 605 1511 rior;
642 1459 903 1511 nunquam
937 1445 1164 1508 attinges
1207 1444 1345 1495 diem
1385 1443 1532 1494 illum

467 1523 769 1587 erastinum,
801 1534 904 1587 quo
946 1519 1133 1570 statuis
1171 1519 1405 1584 meliora,
1441 1515 1534 1584 qul

467 1596 792 1666 significatur
811 1611 909 1661 per
931 1603 1099 1647 rotam
1134 1597 1381 1661 priorem,
1415 1610 1533 1662 quse

469 1676 701 1727 volvitur
756 1687 961 1739 semper
1005 1678 1129 1723 ente
1181 1672 1534 1738 posteriorem,

469 1765 640 1818 neque
658 1765 878 1816 unquam
898 1749 1174 1815 attingitur
1188 1750 1253 1800 ab
1266 1764 1347 1814 ea,
1362 1762 1539 1816 quam·

469 1828 553 1880 vls
568 1826 619 1877 ei
636 1828 890 1893 proxima.

534 1909 599 1956 'ts
633 1901 879 1954 Libertate
910 1917 1023 1967 opus
1053 1903 1147 1968 est]
1206 1901 1542 1954 obstinatum

469 1981 527 2032 in
546 1980 687 2032 vitiis
721 1980 971 2043 juvenem
1010 1978 1313 2044 aggreditur
1329 1979 1542 2030 Persius

470 2071 607 2109 nova
641 2055 863 2122 quadam
884 2063 941 2105 et
962 2056 1138 2106 subtili
1158 2057 1380 2117 ratione,
1407 2055 1542 2105 scili-

472 2139 564 2185 cet
584 2132 838 2183 libertatis
855 2145 1028 2182 umore
1043 2146 1106 2183 ac
1121 2131 1434 2182 necessitate
1452 2147 1467 2181 ι
1485 2137 1544 2182 et

474 2223 543 2260 ex
563 2208 835 2260 occasione
858 2213 1053 2258 tractat
1075 2209 1343 2272 eleganter
1356 2213 1412 2257 et
1431 2205 1543 2256 fuse

474 2284 797 2351 paradoxum
845 2283 975 2332 illud
1031 2283 1353 2332 Stoicorum:
1408 2283 1544 2332 solos

477 2361 739 2426 sepientes
780 2373 892 2410 esse
944 2358 1161 2409 liberos:
1219 2358 1285 2409 de
1330 2374 1431 2426 quo
1486 2364 1546 2409 et

477 2437 616 2490 Tull.
638 2435 816 2500 pand.
847 2441 896 2485 5.

545 2512 660 2563 Non
677 2512 786 2576 Mc]
833 2513 1061 2576 Ergone,
1100 2526 1132 2561 o
1165 2510 1389 2561 Romani
1425 2510 1547 2561 ado·

479 2591 759 2652 lescentes,
803 2588 1098 2638 libertatem
1151 2587 1281 2638 adeo
1311 2589 1549 2653 jactatis,

479 2668 602 2718 dum
626 2666 761 2716 servi
795 2666 922 2715 estis
947 2664 1294 2729 cupiditatum
1312 2680 1374 2715 ac
1396 2664 1549 2715 vitio-

479 2746 633 2795 rum?
668 2741 750 2793 An
774 2742 920 2792 vobis
944 2741 1187 2792 videmini
1208 2741 1333 2792 setis
1356 2755 1470 2791 esse
1487 2755 1551 2791 ac

481 2833 606 2870 vere
637 2818 788 2869 liberi
824 2825 881 2868 et
902 2818 1129 2883 ingenui,
1166 2817 1319 2868 modo
1341 2817 1548 2868 liberta-

480 2901 592 2946 tem
653 2892 910 2944 duntaxat
964 2894 1172 2943 civilem
1221 2893 1549 2958 possideatis,

481 2973 690 3041 qualem
715 2972 811 3023 sibi
833 2963 1066 3022 vindicat
1097 2977 1427 3037 ostentatque
1446 2986 1553 3021 ser-

483 3063 579 3100 vus
596 3048 708 3098 beri
721 3047 804 3097 vel
827 3047 977 3096 bodie
994 3047 1360 3097 manumissus?
1383 3046 1553 3097 Immo

483 3125 731 3176 libertate
769 3122 927 3172 animi
959 3137 1089 3187 opus
1118 3130 1218 3187 est,
1259 3136 1359 3172 nec
1401 3122 1556 3172 aliter

488 3200 760 3267 quisquam
788 3199 927 3248 liber
962 3204 1018 3248 et
1052 3199 1305 3262 ingenuus
1350 3197 1558 3248 censeri

485 3279 667 3330 debet.
715 3277 1047 3329 Tertull.lib.
1076 3278 1144 3327 de
1177 3277 1393 3328 Resurr.
1437 3280 1454 3308 ‘
1473 3278 1559 3329 Li-

489 3357 701 3409 bertute
723 3370 855 3421 opus
878 3360 962 3405 est
983 3353 1049 3405 ad
1086 3353 1350 3417 virtutem,
1391 3353 1561 3421 inquit

489 3434 726 3498 Persius,
769 3449 871 3484 non
904 3448 969 3485 ee
1003 3448 1105 3500 qua
1127 3433 1265 3483 servi
1287 3432 1562 3496 donantur,

490 3517 552 3564 et
603 3511 929 3564 ascribuntur
969 3511 1058 3561 uni
1105 3509 1377 3572 Tribuum,
1432 3517 1563 3576 puta

491 3589 732 3639 Veline!
1375 3629 1386 3638 .

405 3682 410 3686 ·
563 3665 637 3714 Ut
666 3665 862 3730 quisque
911 3663 1095 3728 Velina,
1129 3663 1234 3728 gau]
1290 3661 1479 3714 Statim
1500 3678 1563 3714 ac

489 3740 547 3790 in
569 3739 872 3791 libertatem
909 3748 1137 3792 assertus
1159 3740 1376 3806 quisque
1396 3740 1450 3790 in
1472 3740 1564 3790 ali-

496 3830 652 3882 quam
666 3830 697 3867 e
715 3817 963 3867 Romanis
984 3818 1242 3868 Tribubus
1260 3817 1568 3868 transcribe-

489 3892 673 3958 baar,
708 3908 757 3944 v.
801 3909 852 3958 g.
879 3894 1217 3959 Esquilinam,
1250 3894 1565 3958 Palatinam,

495 3969 764 4021 Velinum:
793 3974 900 4018 tum
916 3969 1038 4032 jure
1062 3969 1272 4033 publico
1288 3967 1567 4035 gaudebat,

470 4051 556 4102 „et
574 4044 927 4097 communibus
955 4044 1146 4114 civium
1163 4045 1524 4096 emolumentis
1550 4064 1566 4110 ς

495 4124 668 4190 qum·
703 4128 784 4176 est
818 4137 1040 4189 annona,
1084 4137 1176 4175 seu
1215 4121 1569 4177 frumentale.

1611 1444 1767 1498 Alex.
1790 1445 1856 1497 ab
1878 1443 2035 1496 Alex.
2060 1457 2179 1496 xiv.
2203 1447 2285 1494 ιο.

1684 1523 1873 1589 Veline]
1904 1523 1921 1551 ‘
1941 1521 2046 1575 Qui
2084 1520 2323 1571 Velinum
2348 1519 2485 1569 circa
2506 1518 2679 1568 laeum

1612 1599 1935 1662 babitabant,
1954 1599 2168 1650 Romm
2189 1596 2428 1647 translati
2450 1602 2602 1659 snnt3
2625 1600 2681 1646 et

1613 1676 1805 1727 Velina
1824 1674 1990 1726 tribus
2028 1688 2242 1724 numero
2266 1671 2483 1721 alierum
2504 1685 2683 1723 acces·

1618 1751 1722 1803 an:
1754 1753 1900 1804 vett.
1924 1739 2095 1802 olo-s.
2111 1750 2250 1800 Vide
2267 1749 2421 1799 Alex.
2441 1747 2509 1800 ab
2524 1747 2680 1801 Alex.

1617 1841 1658 1878 1.
1681 1831 1765 1879 17.

1684 1908 1748 1955 74
1784 1902 2217 1968 Publia-semorum]
2260 1902 2422 1956 Quasi
2448 1908 2687 1967 tempore
2782 1941 2793 1948 .

1622 1982 1890 2034 servitutis
1932 1987 2135 2044 exacto,
2166 1979 2469 2031 libertatem
2498 1981 2689 2030 merito

1624 2075 1719 2111 suo
1742 2066 2070 2123 consecutus,
2108 2058 2329 2108 Patroni
2366 2057 2446 2106 sui
2486 2071 2692 2122 praeno·

1623 2150 1741 2186 men
1773 2135 1860 2202 (ut
1878 2132 1965 2200 fit)
1998 2135 2228 2198 assumit,
2269 2134 2407 2199 quod
2424 2134 2559 2184 servi
2577 2133 2690 2183 nul-

1623 2213 1728 2262 lum
1764 2209 2057 2262 habebant:
2100 2217 2155 2260 et
2198 2208 2369 2259 dictus
2398 2224 2443 2259 v.
2465 2224 2519 2273 g.
2550 2207 2693 2259 Pub-

1622 2287 1721 2339 lius
1760 2285 1988 2337 Licinius
2028 2285 2233 2334 Veline.
2292 2283 2528 2335 Emeruit.
2574 2281 2693 2333 Me·

1623 2364 1771 2430 taph.
1794 2379 1827 2414 a
1846 2362 2114 2426 militibus,
2138 2362 2225 2428 qui
2238 2362 2457 2412 honesta
2478 2360 2545 2410 de
2568 2374 2692 2410 cau-

1624 2456 1682 2491 sa
1700 2441 1978 2491 mittuntur
2014 2438 2240 2503 domum,
2265 2446 2320 2490 et
2349 2437 2601 2488 immunes
2633 2436 2698 2487 fi·

1626 2523 1722 2568 unt
1744 2517 1995 2582 deinceps
2010 2531 2041 2565 a
2065 2514 2323 2566 bellando.

1695 2594 1965 2646 Scabiosum
1990 2593 2104 2657 far]
2139 2593 2486 2654 Immundum,
2521 2599 2701 2658 putre,

1628 2670 2016 2736 gurgulionibus
2032 2684 2261 2719 exesum.
2329 2670 2484 2719 Forte
2504 2668 2700 2719 intelli-

1632 2748 1711 2814 git
1734 2761 1920 2812 panem
1944 2761 2229 2809 acetosum,
2249 2745 2529 2808 sordidum,
2559 2745 2703 2795 ceni-

1632 2838 1772 2875 num.
1839 2824 2045 2888 Legunt
2075 2823 2184 2884 alii,
2220 2819 2575 2883 scobroum,i‹l
2597 2828 2702 2885 est,

1635 2913 1894 2965 asperum,
1943 2898 2066 2964 vile,
2102 2912 2211 2962 prae
2249 2904 2515 2949 vetustate
2550 2912 2707 2964 rugo-

1636 2992 1769 3027 sum.

1708 3045 2052 3111 Tener-alosa·
2073 3049 2307 3114 possidet]
2337 3048 2355 3078 ‘
2376 3048 2483 3104 Qui
2504 3064 2573 3101 ex
2593 3065 2703 3102 me-

1632 3128 1949 3178 numlssione
1981 3127 2122 3176 eires
2162 3126 2380 3177 Romani
2408 3124 2705 3178 efficieban-

1635 3211 1740 3266 tur,
1782 3204 1834 3253 in
1879 3215 2090 3253 numero
2127 3203 2316 3254 civium
2356 3203 2709 3255 Romanorum

1635 3279 1953 3331 frumentum
2017 3279 2281 3344 publicum
2335 3278 2707 3345 accipiebant!

1636 3359 1787 3410 vett.
1807 3358 1981 3409 Gloss.
2000 3364 2056 3407 et
2070 3356 2278 3422 quidem
2304 3356 2487 3422 gratis,
2500 3356 2709 3420 exlege

1638 3436 1748 3485 lata
1768 3449 1798 3483 a
1817 3433 2005 3484 Publio
2034 3432 2215 3483 Clodio
2244 3431 2476 3482 'tribuno
2507 3431 2709 3497 Plebis,

1640 3511 1831 3563 Pisone
1853 3517 1911 3561 et
1931 3508 2157 3560 Gabinio
2179 3508 2502 3571 Consulibus,
2524 3516 2585 3559 ut
2617 3522 2711 3559 no·

1643 3593 1728 3639 tat
1742 3585 2018 3637 Paedianus
2042 3584 2106 3634 ad
2133 3583 2289 3636 Orat.
2308 3583 2467 3633 Tullii
2488 3583 2540 3633 in
2562 3583 2714 3634 Piso-

1641 3680 1780 3716 nem.
1856 3663 2069 3714 Scilicet
2119 3677 2337 3712 annouae
2389 3661 2716 3713 Procurator

1644 3756 1882 3807 magnam
1906 3739 2181 3805 quotannis
2203 3739 2451 3790 frumenti
2473 3740 2578 3790 vim
2608 3739 2714 3790 col-

1646 3819 1860 3884 ligebat,
1896 3824 1953 3868 et
1996 3817 2246 3880 erogabat
2294 3817 2359 3867 iis
2396 3815 2712 3882 pauperibus

1646 3897 1734 3963 qui
1758 3903 2007 3946 tesseram
2046 3909 2137 3945 seu
2171 3901 2346 3945 notam
2374 3900 2496 3945 ante
2534 3892 2713 3944 datum

1647 3978 2104 4039 repraesentarent,
2139 3987 2241 4036 qua
2275 3971 2415 4022 cives
2449 3971 2741 4021 Romanos'

1645 4065 1758 4101 esse
1809 4057 2092 4100 constaret.
2177 4048 2242 4099 In
2283 4063 2349 4098 ea
2386 4047 2718 4099 scribebatur

1647 4140 1835 4179 nomen
1851 4125 2069 4180 hominis
2091 4134 2146 4176 et
2164 4124 2370 4189 Tribus,
2390 4139 2441 4176 v.
2463 4138 2516 4189 ε.
2568 4121 2715 4174 Pub·
