2992 4859
450 370 628 440 1182
1125 385 1513 440 ascensus
1561 389 1991 442 nnn-tonum

451 537 807 610 memoratur
831 529 1102 594 Fabricio
1130 530 1413 596 Biblioth.
1442 533 1547 593 lat.
1576 533 1655 594 Τ.
1686 550 1765 595 11.
1793 552 1933 613 pag.
1969 531 2105 596 166.
2137 530 2301 612 Lips.
2335 539 2509 603 1773.
2551 531 2654 594 Cf.

450 627 549 689 ud.
576 648 635 689 ι.
670 636 845 698 1474.

1064 778 1072 785 .
1464 734 1641 795 1478.

537 826 645 887 Ge.
702 822 966 884 Meruloe
1018 824 1482 885 Comatae-eus
1536 825 1627 885 bis
1682 825 1796 885 boc
1845 841 1998 884 auno
2047 824 2262 903 prodiit
2315 825 2437 885 sine
2490 831 2655 885 textu

450 926 668 1000 poi‘ztae,
712 940 831 980 non
874 940 1011 980 cum
1058 939 1151 993 eo,
1195 918 1369 998 quod.
1405 920 1463 980 in
1510 922 1743 982 Fabric.
1794 922 1948 981 Bibl.
1992 921 2095 981 lat.
2124 929 2185 981 et
2228 915 2365 981 iiiuc
2406 921 2466 980 iu
2507 920 2653 981 edit.

452 1017 694 1097 Bipont.
724 1016 988 1087 traditur,
1452 1016 1457 1022 '

536 1113 568 1146 ⁸*
608 1113 869 1175 venetiis
902 1133 1019 1193 per
1061 1114 1395 1176 Gabrielem
1423 1115 1605 1177 Petri
1634 1117 1807 1178 Duce
1843 1115 2071 1195 inclyto
2097 1113 2348 1176 Andrea
2390 1114 2656 1176 Vendra·

452 1209 799 1271 mino—fol.
836 1218 1011 1279 1478.

451 1316 514 1368 et
536 1306 711 1386 patilo
739 1315 873 1386 post
901 1306 988 1365 vel
1018 1315 1158 1367 ante

528 1404 776 1464 Tarvisii
805 1422 917 1483 per
945 1403 1225 1464 Barthol.
1256 1401 1328 1464 dc
1360 1403 1956 1482 Consolonevis—sol.
1991 1411 2167 1474 1478.

531 1502 626 1562 De
678 1501 793 1561 hac
847 1499 992 1560 edit.
1051 1520 1107 1558 v.
1165 1501 1398 1562 Fabric.
1458 1502 1500 1560 Ι.
1547 1502 1589 1561 l.
1647 1521 1710 1581 p.
1761 1510 1901 1572 359.
1984 1501 2315 1562 Nachricbt
2368 1522 2481 1562 von
2537 1503 2654 1565 den

452 1598 722 1659 Biichern
763 1597 821 1656 in
863 1597 979 1661 der,
1000 1596 1349 1657 Stollischen
1392 1596 1548 1658 Bibl.
1575 1600 1653 1659 T.
1687 1615 1733 1657 1.
1764 1618 1827 1676 p.
1853 1595 1956 1670 96.
1998 1605 2045 1673 §.
2075 1614 2140 1657 V.
2172 1609 2232 1658 et
2272 1601 2467 1660 Catal.
2498 1601 2654 1662 Bibi.

449 1696 762 1757 Hasaeanae
792 1695 983 1754 Brem.
1013 1713 1075 1772 p.
1108 1700 1247 1754 503.
1331 1695 1718 1755 Continentur
1743 1696 1832 1755 his
1860 1695 2058 1754 libris:
2108 1707 2161 1755 1.
2197 1693 2658 1759 Commentarius

446 1791 708 1854 Merula
732 1812 783 1851 s.
812 1779 1247 1851 Enarrationes
1268 1789 1623 1869 Satyrus-um
1641 1791 1941 1852 Juvenalis
1957 1810 2074 1871 per
2100 1791 2322 1872 Georg.
2355 1794 2658 1855 Merulam

446 1890 509 1950 Α
515 1889 927 1951 lexandrinum
954 1887 1037 1949 ud
1068 1889 1353 1948 invictiss.
1386 1889 1737 1969 Principem
1764 1887 2106 1949 Federicnm
2140 1887 2212 1949 de
2241 1889 2457 1950 Monte
2485 1890 2661 1951 Fere-

452 1994 549 2047 tro
582 1986 801 2049 Urbini
829 1987 1076 2048 Duceni.
1162 1995 1220 2048 2.
1267 1985 1375 2045 Ge.
1405 1986 1670 2047 Merulae
1695 1984 2099 2048 Alexandrini
2126 1985 2357 2046 libellus
2382 1986 2659 2050 adversus

452 2084 719 2147 Domitii
749 2083 1203 2145 Commentarios
1230 2083 1296 2140 in
1325 2081 1675 2143 Martialem
1700 2082 1784 2142 ad
1812 2082 2086 2142 Marcum
2113 2082 2446 2143 Antonium
2475 2085 2658 2146 Mau-

448 2199 721 2241 rocenum
744 2181 1017 2259 Equitem
1034 2177 1417 2259 praclarum.
1503 2185 1562 2238 3.
1612 2177 1716 2237 Ge.
1741 2176 2002 2237 Merulae
2022 2177 2192 2237 Alex.
2222 2177 2660 2242 Adnotationes

450 2280 517 2337 in
552 2278 889 2338 Orationem
918 2275 1019 2336 M.
1051 2275 1240 2336 Tullii
1277 2274 1576 2335 Ciceronis
1606 2294 1725 2354 pro
1765 2272 1835 2342 Q.
1863 2274 2121 2354 Ligario
2164 2274 2249 2335 ad
2283 2273 2658 2338 Bernardum

450 2373 759 2435 Bembmn.
838 2381 898 2432 4.
942 2372 1370 2452 Argumentum
1408 2372 1817 2451 Epistolarum
1856 2371 2153 2433 Ciceronis
2194 2371 2278 2433 ad
2319 2371 2654 2450 Lentulmn,

450 2471 523 2531 de
550 2473 607 2530 vi
642 2478 702 2530 et
746 2470 947 2530 ordine
981 2468 1414 2550 suffragiorum
1461 2470 1527 2527 in
1575 2465 1931 2529 centuriatis
1976 2476 2035 2527 et
2071 2470 2322 2528 curiatis
2363 2473 2618 2532 comitiis
2633 2496 2656 2541 ,-

447 2566 594 2647 quid
614 2566 1018 2648 praerogaeiva
1042 2564 1473 2645 suffragiorum
1489 2585 1512 2631 ,-
1549 2570 1607 2623 et
1632 2564 1917 2642 quomodo
1943 2565 2096 2645 legis
2112 2563 2542 2646 promulgatio,
2575 2569 2660 2630 acl

451 2664 837 2725 Dominicwn
886 2661 1197 2721 Sanitium.
1279 2662 1395 2721 Ge.
1441 2660 1720 2731 Meriani,
1767 2660 1870 2739 qui
1918 2660 2164 2720 Merula
2212 2658 2356 2719 diei·
2378 2662 2653 2737 malebat,
2764 2660 2768 2663 ’

447 2765 622 2821 natus
649 2759 709 2818 in
737 2758 958 2837 oppido
983 2759 1251 2816 Duentus
1280 2755 1772 2827 mediolanensis,
1807 2756 1967 2835 quod
2004 2757 2178 2816 hodie
2207 2757 2576 2820 Alessssa'ndria
2604 2782 2654 2822 s.

449 2854 804 2915 Alexandria
846 2853 998 2913 della
1023 2852 1228 2931 Puglia
1270 2860 1532 2924 vocatur,
1579 2868 1691 2912 Χῖ..
1721 2871 1904 2913 annos
1931 2852 1990 2912 in
2028 2853 2342 2928 juventute
2386 2854 2656 2918 docenda

449 2953 768 3012 consumsit
805 2950 1064 3010 venetiis
1104 2958 1165 3010 et
1206 2949 1551 3019 Mediolani,
1593 2950 1698 3011 ubi
1742 2966 1909 3010 Lxx.
1951 2949 2119 3010 an'nis
2160 2951 2352 3028 maj0r
2391 2962 2654 3016 mortuus

446 3060 536 3109 est
562 3068 618 3107 a.
647 3047 787 3108 Chr.
824 3053 999 3115 1494.
1030 3047 1283 3124 Magnus
1309 3044 1423 3105 fuit
1449 3046 1638 3106 aetutis
1659 3066 1780 3105 suae
1809 3046 2157 3125 philologus,
2186 3047 2289 3126 qui
2319 3059 2533 3125 praeter
2555 3069 2647 3121 ea,

448 3164 585 3223 quae
613 3144 794 3203 modo
822 3142 1289 3212 memoravimus,
1332 3141 1505 3200 etiam
1537 3143 1870 3202 Comment.
1899 3142 1959 3200 iu
1989 3143 2258 3214 Statium,
2289 3144 2648 3217 Martialem,

444 3241 738 3312 Plautum,
770 3239 1134 3309 Ciceronem,
1166 3239 1490 3317 Virgilium,
1520 3239 1794 3311 Plinium,
1824 3239 2273 3311 Quintilianum,
2304 3241 2652 3316 Ausonium,

446 3346 508 3398 et
534 3344 804 3397 auctores
833 3336 908 3395 de
936 3355 999 3396 re
1028 3335 1262 3407 rustica,
1295 3335 1788 3415 Philologicorum
1815 3336 1920 3396 lib.
1950 3353 2021 3396 x.
2051 3337 2452 3415 Antiquitates
2483 3338 2657 3400 Vice-

447 3433 746 3495 Comitum
775 3432 1022 3492 Mediol.
1050 3440 1111 3491 et
1134 3431 1246 3491 alia
1284 3432 1538 3512 scripsit,
1569 3434 2033 3511 clarissimosque
2061 3433 2289 3492 illorum
2317 3442 2652 3513 temporum

446 3530 604 3590 viros
657 3529 1047 3609 asperioribus
1104 3528 1332 3589 facetiis
1398 3529 1779 3607 perstringere
1833 3530 2091 3590 amabat.
2201 3533 2391 3599 Quam
2449 3531 2652 3612 itaque

448 3627 625 3690 bilem
651 3625 945 3686 Domitius
972 3626 1260 3686 effuderat
1288 3627 1344 3685 in
1376 3625 1658 3687 Sabinum
1688 3626 2129 3705 Brotbeumque
2157 3627 2651 3701 Grammaticum,

445 3724 674 3795 eadem,
720 3722 824 3782 sed
855 3733 1119 3782 mortuus
1146 3722 1403 3793 demum,
1440 3722 1809 3782 acerbissime
1847 3723 2170 3801 exagitatus
2207 3734 2295 3782 est
2324 3743 2359 3783 a
2399 3725 2650 3785 Merula.

446 3821 644 3898 Hujus
687 3828 882 3879 tamen
932 3821 1382 3880 commentarius
1424 3819 1481 3878 in
1530 3819 1873 3879 Juvenatem
1916 3839 2033 3878 uon
2082 3820 2277 3899 magni
2317 3830 2408 3880 est
2456 3823 2652 3899 pretii,

443 3916 697 3996 ejusque
725 3916 1121 3994 interpretatio
1148 3936 1306 3994 saepe
1333 3917 1423 3977 vel
1451 3916 1621 3976 nimis
1655 3926 1879 3994 arguta,
1927 3916 2016 3976 vel
2045 3917 2245 3995 inepta
2271 3926 2334 3977 et
2360 3928 2650 3979 contorta.

445 4013 695 4073 Meliora
739 4014 957 4092 passim
1000 4015 1060 4073 in
1101 4034 1269 4074 suum
1297 4016 1613 4074 Comment
1656 4012 1954 4073 transtulit
1978 4013 2369 4085 Britannicus,
2409 4033 2486 4074 ue
2527 4015 2653 4075 lau-

443 4108 591 4169 dato
645 4109 885 4188 quidem
924 4109 1110 4181 sonte,
1167 4131 1238 4169 ex
1289 4119 1409 4189 quo
1463 4110 1671 4170 bausit.
1754 4110 2079 4170 Multorum
2132 4119 2330 4172 autem
2379 4129 2644 4174 errorum

447 4206 741 4270 Merulam
763 4208 957 4289 arguit
971 4209 1099 4287 jam
1130 4207 1399 4269 Politian.
1430 4206 1619 4288 Epist.
1649 4223 1751 4280 xt,
1789 4216 1881 4269 10.
