2992 4859
1245 375 1524 427 SA‘HRA
1572 374 1643 423 V.

2417 354 2547 421 149

336 522 540 602 Quod
559 524 740 591 rivis
758 530 782 589 ε’
822 524 990 588 cinis
1018 527 1088 587 et
1115 540 1341 587 manes
1369 517 1871 587 etfabula-fies.

330 625 510 691 Vive
537 645 787 691 memor
811 626 964 691 leti:
1010 624 1181 708 fugit
1203 624 1394 689 hora:
1437 621 1596 698 hoc,
1627 619 1807 702 quod
1832 619 2088 702 loquor,
2120 617 2273 683 inde
2303 620 2426 680 est.

335 860 384 906 et
400 855 584 919 umbra,
602 859 648 904 et
669 869 836 905 sermo.
912 855 1074 906 Vitam
1094 869 1202 919 age,
1221 860 1423 905 nortem
1443 854 1744 905 recordatus.-
1777 857 1958 916 tempus
1987 851 2155 917 efficit.
2222 849 2284 899 Ia
2305 849 2429 913 qaod
2448 847 2542 897 elo-

1262 1009 1618 1030 ”O‘NOOO“O
1646 1022 1656 1033 .

333 1112 898 1179 proveniebante-Hs
931 1115 980 1162 et
1000 1113 1121 1176 qaod
1144 1113 1303 1175 loquor
1322 1111 1424 1161 Ms.
1447 1110 1571 1162 Gal.

1338 1239 1555 1292 NOTAE

338 1314 449 1389 vita
469 1344 525 1388 et
547 1339 692 1387 annis
713 1338 885 1403 arripe
909 1322 1223 1402 voluptates.
1271 1337 1402 1389 Hor.
1468 1338 1777 1406 fiessabala,
1815 1337 1867 1388 id
1923 1341 2022 1399 est,
2068 1333 2266 1386 redibis
2305 1334 2359 1382 in
2398 1332 2545 1397 prius

340 1415 443 1466 od.
484 1429 523 1464 1.
571 1419 651 1464 11.
699 1414 714 1441 ‘
735 1428 891 1479 carpe
930 1412 1105 1463 diem.’
1185 1413 1402 1477 Epicuri

333 1492 479 1563 'apud
533 1491 893 1542 lactantium:
951 1493 967 1520 ‘
993 1490 1400 1556 Voluptatibus,'

341 1568 597 1635 inquiunt,
643 1569 887 1634 ‘quoquo
923 1567 1077 1617 modo
1121 1581 1408 1631 possumus,

341 1645 639 1695 serviamus.
679 1644 837 1693 Brevi
862 1643 999 1692 enim
1022 1649 1260 1706 tempore
1278 1643 1409 1691 nulli

339 1721 529 1770 erimus
552 1720 777 1769 omnino.
844 1720 983 1780 Ergo
1017 1719 1215 1770 nullum
1250 1719 1412 1781 diem,

340 1798 535 1847 nullum
568 1796 815 1860 temporis
850 1803 1101 1860 punctum
1124 1793 1290 1845 fluere
1317 1811 1408 1846 no·

339 1873 419 1924 bis
442 1874 552 1923 sine
582 1873 850 1937 voluptate
872 1872 1149 1937 patiamur,
1177 1885 1263 1935 ne,
1285 1872 1410 1936 quia

340 1949 443 2013 ipsi
469 1947 792 2015 quandoque
831 1948 1049 2012 perituri
1094 1962 1288 2010 sumus,
1335 1946 1412 2010 id·

343 2026 510 2090 ipsum
536 2024 670 2090 quod
693 2024 987 2084 vixerimus,
1011 2024 1228 2088 pereat.'

411 2103 639 2152 Nostrum
676 2103 908 2165 283,un
949 2101 1093 2163 vivis]
1158 2099 1266 2150 Bias
1305 2097 1413 2157 βίον

342 2177 557 2237 δρόμους
581 2178 664 2231 οὔκ
686 2176 788 2227 ἔστι
818 2175 942 2239 βίος,
979 2176 1153 2242 inquit
1190 2176 1412 2226 Prover-

345 2256 484 2306 bium
506 2256 766 2306 Graecum.
815 2253 969 2303 Unde
993 2253 1193 2303 luxuria
1212 2251 1288 2302 ait
1307 2251 1407 2301 sihi

345 2338 616 2397 acceptam
670 2329 857 2380 referri
914 2322 1158 2395 opoitere
1219 2331 1405 2379 Damae

345 2410 504 2460 vitam
543 2408 774 2469 hilarem,
810 2405 1115 2470 Jucundam,
1161 2405 1409 2470 quietam,

344 2488 724 2550 voluptuosam,
765 2499 829 2534 eo
873 2482 1010 2548 quod
1055 2484 1164 2533 sine
1205 2482 1438 2548 gaudiis·

346 2578 408 2613 ac
448 2560 799 2626 voluptatibus
844 2559 1037 2624 vivere,
1080 2575 1182 2610 non
1229 2559 1298 2610 sit
1337 2560 1409 2608 vi-

348 2654 489 2690 vere.

415 2720 512 2768 152
547 2715 683 2765 einis
721 2719 770 2765 et
820 2729 980 2765 mam
1016 2718 1063 2763 et
1086 2712 1259 2773 sabula
1287 2710 1409 2777 fies]

351 2794 642 2860 Antequam
664 2793 895 2845 moriaris
927 2791 1101 2843 fruere
1122 2792 1233 2840 vita
1263 2788 1409 2840 vitaz-

341 2887 453 2939 que
472 2872 693 2933 deliciis;
725 2885 846 2921 nam
884 2868 1030 2920 brevi
1068 2868 1134 2917 de
1157 2873 1211 2917 te
1235 2873 1410 2917 actum

352 2951 470 3002 erit.
538 2950 672 3001 Haec
695 2948 761 2997 ad
776 2954 1004 2999 mentem
1021 2945 1415 3011 Epicureorum,

354 3027 441 3093 qui
463 3041 577 3077 cum
601 3039 818 3088 corpore
851 3032 908 3074 et
942 3022 1163 3073 animam
1195 3019 1416 3070 interire

354 3110 568 3170 putant;
604 3109 662 3152 ut
680 3116 798 3151 mox
816 3100 949 3150 dixi:
985 3098 1121 3164 quod
1145 3096 1270 3148 satis
1294 3109 1416 3145 con-

355 3181 498 3231 venit
532 3179 766 3245 loquenti
799 3178 1043 3228 luxuria-,z
1080 3190 1146 3225 an
1169 3188 1295 3227 vero
1328 3188 1419 3238 po·

357 3258 457 3309 tius
474 3256 756 3307 secundum
773 3254 999 3316 Stoicos,
1023 3267 1053 3304 e
1073 3266 1289 3316 quorum
1307 3264 1421 3315 gre·

357 3328 459 3384 mio
481 3331 723 3383 Persius?
759 3331 873 3382 Cic.
909 3330 1116 3381 Tuscul.
1155 3330 1354 3381 Quoest.
1379 3340 1418 3375 1.

351 3425 495 3477 ⁴num.
540 3413 624 3459 77.
672 3406 902 3471 ‘Stoici,’
947 3407 1135 3471 inquit,
1178 3406 1421 3454 ‘usuram

348 3484 503 3545 ,nobis
525 3483 815 3548 largiuntur
839 3490 1078 3547 tanquam
1097 3478 1418 3530 cornicibus:

359 3560 448 3611 diu
487 3574 751 3611 mansuros
790 3559 935 3609 aiunt
969 3558 1180 3620 animos,
1218 3568 1422 3619 semper

360 3645 531 3688 antem
554 3633 779 3700 negant!
844 3636 914 3684 Et
933 3635 1085 3699 paulo
1109 3640 1243 3696 post,
1271 3646 1316 3683 c.
1337 3635 1419 3681 78.

357 3717 375 3744 ⁸
395 3714 542 3765 aiunt
563 3726 769 3764 manere
793 3712 1004 3773 animos,
1022 3725 1052 3757 e
1069 3722 1287 3774 corpore
1304 3721 1422 3757 cum

363 3788 700 3852 excesserint,
734 3786 827 3837 sed
866 3799 967 3835 non
1004 3783 1244 3847 semper?
1307 3782 1424 3833 Erit

361 3866 523 3931 igitur
558 3879 757 3928 sensus,
779 3864 879 3930 fies
908 3862 1048 3925 cinis,
1086 3859 1325 3910 nimirum
1357 3874 1422 3910 ex

360 3957 504 3992 more
525 3949 752 4007 cremato
775 3952 996 4004 corpore
1018 3945 1126 4000 tuo,
1152 3943 1271 4002 post
1294 3949 1425 3984 mor-

364 4026 489 4082 tem,
512 4024 570 4069 et
591 4020 645 4068 in
666 4016 895 4068 favillam
931 4029 1027 4079 per
1048 4014 1221 4078 iguem
1246 4010 1424 4061 redac-

364 4102 443 4147 to:
477 4094 667 4145 deinde
690 4092 791 4143 eris
811 4106 992 4154 mam,
1027 4089 1082 4139 id
1120 4094 1221 4150 est,
1254 4085 1426 4136 anima

363 4179 454 4221 tua
492 4184 587 4235 per
616 4167 824 4234 aliquod
865 4174 1068 4231 tempus
1108 4161 1339 4214 manebit
1368 4167 1427 4212 et

363 4244 569 4311 (iurabit
603 4244 744 4310 apud
782 4240 1003 4295 Inferos.
1069 4241 1278 4311 Postea·
1304 4238 1426 4291 vero

1483 1416 1725 1465 nihilum:
1762 1415 1871 1464 haec
1913 1413 2052 1464 enim
2091 1410 2420 1475 catastrophe
2461 1414 2545 1458 est

1485 1491 1608 1541 vitae
1632 1497 1688 1541 et
1708 1489 2013 1541 conditionis
2033 1489 2288 1550 humanae,
2312 1500 2428 1551 quae
2468 1483 2545 1533 fa-

1485 1567 1622 1616 bulae
1659 1566 1713 1614 in
1756 1564 1947 1615 mundo
1984 1565 2129 1614 velut
2158 1563 2214 1613 in
2250 1563 2452 1613 theatro
2490 1564 2547 1609 et

1488 1656 1646 1691 scena
1668 1648 1894 1705 peractae
1918 1638 2211 1704 comparari
2233 1637 2384 1687 solet.

1557 1717 1747 1780 Manes]
1801 1719 1909 1767 Pro
1931 1715 2063 1766 locis
2084 1713 2413 1764 inferioribus
2435 1711 2550 1761 Ma-

1485 1809 1570 1844 nes
1604 1794 1799 1857 accipit
1838 1791 2074 1842 Macroh.
2120 1789 2378 1840 saturnal.
2421 1801 2462 1836 ι.
2496 1791 2549 1839 ⁸.

1488 1869 1675 1934 virgil.
1722 1868 1926 1918 AEneid.
1960 1881 2035 1916 vr.
2075 1880 2170 1931 pro
2214 1864 2393 1928 poenis,
2431 1876 2548 1927 qua

1493 1954 1615 1996 sunt
1653 1943 1793 2010 apud
1835 1942 2057 1994 Inferos.
2124 1942 2250 2005 Alii,
2292 1953 2387 2003 pro
2429 1938 2550 1989 Diis

1495 2028 1696 2073 tantum
1721 2021 1896 2080 bonis3
1916 2019 2215 2069 namVarro
2234 2018 2268 2066 l.
2287 2031 2342 2065 v.
2364 2015 2550 2064 bonum

1491 2098 1720 2163 antiquis
1738 2088 1946 2146 vmimum
1983 2094 2157 2146 vocari
2179 2093 2280 2153 ait;
2315 2092 2432 2141 hinc
2455 2103 2550 2153 per

1493 2173 1829 2239 antiphrasim
1867 2172 2012 2237 quasi
2050 2169 2260 2221 minime
2306 2167 2441 2231 honi,
2459 2166 2552 2233 -.(si

1490 2253 1672 2303 Servio
1692 2249 1848 2316 fides)
1877 2249 1971 2301 Dii
1994 2247 2159 2298 Inferi
2180 2247 2352 2296 Manes
2374 2244 2553 2309 appel·

1488 2330 1682 2379 lantur.
1748 2327 1917 2376 Porro
1937 2324 2158 2375 animum
2178 2335 2209 2370 a
2230 2335 2445 2385 corpore
2474 2333 2552 2369 se-

1489 2410 1727 2469 paratum
1751 2401 1969 2467 Antiqui
1991 2400 2185 2450 Manem
2210 2399 2376 2446 Deum
2400 2410 2553 2446 voca-

1492 2481 1631 2531 bant.
1665 2474 1770 2529 Hic
1789 2478 2006 2527 sumitur
2028 2490 2123 2540 pro
2148 2474 2319 2523 anima
2334 2482 2552 2536 corpore

1490 2558 1677 2608 soluta.
1730 2554 1917 2604 Horat.
1942 2552 2047 2602 od.
2073 2564 2112 2600 1.
2135 2553 2187 2600 4.
2221 2552 2236 2578 ‘
2259 2548 2396 2598 vitae
2418 2560 2553 2597 sum·

1491 2646 1575 2682 ma
1609 2631 1781 2681 brevis
1819 2643 1963 2693 spem
2003 2642 2096 2677 nos
2130 2631 2275 2675 vetat
2311 2624 2556 2673 inchoare

1486 2709 1713 2771 longam.
1775 2707 1896 2758 Jam
1936 2710 1990 2754 te
2030 2709 2231 2767 premet
2262 2716 2384 2764 nox,
2406 2698 2555 2748 fabu-

1491 2785 1664 2848 laeque
1696 2780 1905 2831 manes!
1970 2778 2109 2829 Vide
2146 2776 2283 2827 infra
2326 2790 2399 2826 vs.
2439 2780 2554 2825 186.

1495 2860 1563 2911 ad
1586 2872 1785 2920 vocem,
1802 2856 2044 2925 Lemures.

1560 2935 1744 2986 Fabula
1759 2931 1881 2998 fles]
1947 2929 2368 2993 Interpretantar
2399 2926 2558 2991 vulgo

1495 3015 1666 3063 locum
1688 3012 1840 3071 hunc,
1864 3007 2000 3058 sicut
2028 3012 2083 3055 et
2114 3005 2301 3055 Horat.
2323 3017 2443 3053 mox
2464 3002 2559 3053 cit.

1498 3089 1567 3139 de
1610 3084 1819 3147 Inferis,
1863 3083 1931 3134 de
1969 3081 2152 3147 quibus
2190 3086 2246 3130 et
2284 3078 2469 3129 Poetae
2502 3083 2561 3128 et

1499 3162 1801 3227 Philosophi
1844 3166 1927 3211 tot
1969 3164 2025 3209 et
2067 3161 2215 3206 tanta
2252 3162 2466 3205 narrant
2505 3159 2563 3203 et

1498 3244 1813 3296 fabulantur.
1897 3238 2074 3304 Atque
2111 3238 2188 3287 ita
2230 3236 2345 3286 duae
2381 3246 2559 3295 voces,

1498 3336 1675 3382 mes,
1697 3318 1887 3380 sabaia,
1922 3315 2061 3365 idem
2082 3310 2391 3377 significant.
2456 3307 2560 3359 Po-

1502 3404 1610 3451 test
1629 3397 1783 3446 etiam
1816 3396 1893 3443 ita
1924 3391 2163 3455 intelligi,
2172 3388 2341 3449 fabula
2361 3387 2475 3453 fles,
2506 3384 2562 3434 id

1502 3482 1603 3537 est,
1648 3474 1758 3523 sola
1808 3471 1884 3521 tui
1929 3468 2179 3518 memoria
2222 3463 2463 3523 restabit,
2505 3467 2565 3510 et

1501 3566 1670 3603 sermo
1691 3549 1758 3601 de
1781 3555 1834 3598 te
1867 3546 2042 3596 forsan
2076 3539 2359 3593 faciendus.
2424 3536 2562 3587 Vide

1503 3641 1657 3693 supra
1679 3625 1885 3676 tertiam
1922 3619 2073 3683 hujus
2111 3614 2212 3667 loci
2253 3614 2565 3679 interpren-

1503 3705 1718 3767 tionem,
1740 3701 1805 3752 ad
1828 3702 1959 3749 hanc
1982 3710 2185 3759 vocem,
2201 3692 2342 3743 catis.

1568 3785 1663 3832 158
1705 3779 1824 3828 Vise
1860 3788 2032 3825 memor
2064 3771 2172 3835 leti]
2235 3771 2424 3821 Horat.
2451 3766 2565 3818 Sat.

1502 3868 1567 3907 n.
1589 3860 1641 3906 6.
1660 3853 1823 3903 ‘Vive
1846 3861 2040 3901 memor
2061 3860 2216 3913 quam
2237 3844 2305 3897 sis
2326 3845 2426 3896 aevi
2448 3843 2564 3895 bre-

1505 3931 1617 3983 vis.’

1573 4008 1724 4071 Fugit
1742 4003 1881 4068 hom]
1945 4003 2072 4052 vita
2109 3999 2295 4050 sensim
2326 3992 2568 4055 elabitur,

1506 4093 1568 4138 ut
1605 4093 1826 4148 tempus.
1892 4080 2023 4131 Hor.
2062 4077 2165 4126 Od.
2190 4087 2253 4123 11.
2273 4078 2321 4121 6.
2351 4070 2367 4097 ‘
2387 4067 2565 4118 Currit

1506 4162 1647 4213 enim
1666 4157 1816 4211 ferox
1840 4159 2004 4206 aetau
2065 4147 2250 4213 virgil.
2282 4146 2298 4176 ‘
2318 4142 2477 4211 Fugit
2498 4142 2567 4193 ir-

1504 4235 1799 4309 reparabile
1818 4228 2058 4296 tempus?
2108 4242 2111 4245 ’
2178 4252 2197 4259 ·
