2992 4859
461 325 595 392 106

475 484 545 547 Si
577 484 771 562 facist,
802 485 870 548 in
899 502 1130 567 penem
1156 481 1477 566 quicquid
1507 480 1629 546 tibi
1661 483 1839 545 venit
1862 501 2170 547 amarum
2196 503 2214 561 ;

472 585 547 647 Si
577 586 797 668 puteal
825 586 1033 650 multa
1061 591 1298 649 cautus
1327 585 1545 648 vibice
1572 583 1903 667 flagcilas:

1222 340 1295 388 A.
1345 338 1590 386 Pssnsn
1643 339 1907 386 FLAOCI

463 797 714 864 aonfidens
731 796 940 850 habebo?
990 798 1050 850 δι’
1069 804 1259 863 aspecta
1285 799 1486 863 pecunia
1508 799 1802 864 expallescis,
1818 813 1850 847 o
1863 800 2084 863 pessime,
2116 798 2145 829 “
2180 797 2209 827 ⁴·
2240 798 2284 847 si
2303 799 2507 848 callidus
2528 797 2679 848 caedis

1458 982 1671 1033 NOTAE

461 1109 622 1173 igitur
653 1112 837 1161 credes
875 1112 1279 1166 assentatoribus
1316 1119 1370 1164 te
1405 1127 1524 1177 pro-
1608 1110 1904 1161 Marcilius:
1956 1111 2025 1160 de
2046 1110 2463 1186 feneratoribus,
2495 1122 2674 1160 omncs

464 1186 583 1235 bum
607 1200 721 1236 esse
742 1186 1131 1251 affirmantibus,
1162 1190 1363 1239 etiamsi
1387 1197 1442 1240 tu
1468 1196 1522 1239 tc
1601 1188 1965 1237 communiter.
1999 1194 2119 1250 post
2168 1195 2374 1236 veteres
2437 1185 2673 1246 Glossas,

461 1261 576 1325 ipse
613 1262 910 1325 improbum
946 1263 998 1312 in
1034 1265 1388 1315 occasionibus
1418 1265 1521 1318 sin·
1599 1277 1718 1326 qnoe
1741 1263 1816 1311 sic
1848 1262 2070 1313 habent:
2116 1261 2234 1311 ‘Ad
2253 1261 2431 1327 puteal
2456 1261 2670 1311 Scribo-

462 1339 614 1403 gulit,
647 1353 875 1401 avarum,
903 1341 1251 1405 libidinosum,
1269 1344 1519 1409 iniquum,
1598 1336 1676 1384 nis
1708 1336 1910 1398 Licinii,
1944 1337 2081 1402 quod
2105 1343 2186 1387 est
2210 1337 2262 1385 in
2288 1337 2493 1400 porticu
2516 1336 2667 1388 Jutia

461 1413 726 1465 crudelem
756 1418 1039 1480 experirisg
1087 1421 1235 1483 sique
1261 1420 1390 1470 adeo
1408 1422 1518 1471 viso
1594 1413 1661 1463 ad
1672 1414 1955 1465 Fabianum
1979 1413 2527 1478 arcum,foeueratores
2550 1429 2670 1464 con-

455 1504 666 1615 igumgn?
699 1492 958 1557 pallescis,
996 1508 1104 1559 prae
1124 1496 1411 1558 cupiditate
1434 1498 1519 1546 ha-

500 1580 561 1614 en
603 1582 620 1615 ι

521 1644 591 1691 49
621 1641 681 1691 Sa·
697 1645 862 1706 puteal
898 1646 1047 1694 multu
1073 1652 1237 1696 cautas
1267 1647 1521 1713 cibit-estc-

453 1718 628 1782 genas]
681 1718 960 1785 *Ancipitis
1006 1724 1214 1788 quidem
1250 1727 1520 1776 sententiae

460 1809 635 1846 versus
656 1796 783 1846 istc:
836 1813 939 1862 quo
965 1799 1008 1847 si
1042 1799 1183 1849 Nero
1219 1802 1522 1865 perstringi·
1554 1827 1561 1832 -

459 1878 559 1934 tur,
582 1873 915 1936 accipiendus
937 1882 1018 1925 est
1035 1875 1101 1925 de
1123 1878 1389 1926 nocturnis
1405 1879 1521 1943 ejus

458 1963 554 2013 per
586 1950 765 2000 urbem
800 1952 1259 2005 discursationibus
1287 1962 1344 2006 et
1381 1971 1522 2021 gras-

457 2025 763 2091 sationibus,
801 2028 868 2077 de
900 2029 1080 2094 quibus
1114 2030 1319 2081 abunde
1342 2033 1522 2081 Sueto-

456 2099 571 2149 nius
608 2108 662 2151 et
694 2101 932 2166 Tacitus,
962 2105 1089 2154 locis
1128 2106 1281 2169 paule
1304 2114 1426 2156 ante
1449 2107 1521 2156 ci·

455 2175 597 2225 tatis.
647 2178 718 2227 Et
737 2179 812 2228 sic
833 2183 1110 2243 perpauci,
1129 2182 1523 2246 intelligendum

455 2251 557 2300 erit
589 2249 759 2301 sorum
798 2262 854 2303 et
895 2253 1073 2305 affines
1111 2255 1250 2306 urbis
1272 2258 1526 2321 regiones,

449 2341 551 2391 ‚per
579 2341 706 2391 quas
727 2328 815 2378 ille
840 2344 959 2379 cum
981 2331 1180 2396 aliquot
1199 2333 1410 2383 armatis
1434 2348 1523 2383 va-

453 2401 724 2465 gabundus
763 2403 814 2452 iu
850 2405 1030 2454 obvios
1064 2420 1295 2471 quosque
1317 2421 1519 2470 grassa·

454 2476 628 2526 batur.
693 2477 919 2529 ‘Cautus
962 2486 1135 2531 autem
1172 2481 1436 2548 deinceps,
1465 2492 1520 2534 ct

453 2553 771 2602 metuentior
792 2554 844 2604 in
869 2562 1134 2618 posterum
1159 2557 1336 2622 Nero,'
1367 2566 1424 2609 ut
1443 2559 1521 2610 ait

450 2626 682 2690 Tacitus,
734 2629 958 2680 ‘milites
1005 2630 1103 2680 sibi
1147 2639 1204 2682 et
1246 2632 1518 2699 plerosque

452 2701 797 2765 gladiatorum
815 2705 1234 2758 circumdederat
1250 2707 1283 2757 τ’
1316 2709 1520 2761 scilicet

452 2779 574 2842 quia
604 2780 739 2830 male
771 2789 925 2832 antea
946 2784 1226 2834 mulctatus
1249 2782 1428 2835 fuisset
1451 2786 1517 2836 ab

446 2855 515 2905 iis
536 2871 662 2920 quos
696 2856 1048 2922 impetiverat,
1083 2866 1139 2909 et
1175 2860 1228 2909 in
1267 2863 1515 2925 ejusmodi

453 2931 579 2981 rixis
614 2934 877 2984 oculorum
901 2946 954 2984 et
979 2936 1104 2986 vitae
1128 2937 1361 2987 subierat
1385 2937 1517 3000 peri·

451 3007 643 3071 culum,
685 3015 744 3057 ut
786 3006 952 3060 refert
988 3011 1283 3062 Suetonius.
1361 3014 1514 3063 Quod

449 3079 494 3129 si
515 3080 729 3131 Persius
753 3081 1120 3134 foeneratorum
1144 3085 1515 3138 immanitatem

451 3156 634 3219 carpit,
665 3165 757 3206 aut
779 3158 1208 3223 vitilitigatornm,
1229 3162 1516 3226 sycophan-

452 3235 638 3291 tarum,
681 3238 736 3280 et
773 3231 1233 3296 quadruplatorum
1273 3235 1515 3299 iniquita-

450 3311 559 3354 tem
579 3314 633 3353 et
656 3305 895 3372 injurias3
942 3323 1035 3372 per
1064 3311 1242 3373 puteal,
1281 3311 1517 3375 intellige

447 3382 702 3433 Praetoris
745 3384 1023 3446 Tribunal;
1080 3400 1172 3450 per
1213 3387 1388 3439 vibices
1439 3383 1515 3440 in?-

449 3458 638 3522 flictas,
671 3459 858 3510 damna
880 3461 1172 3512 debitorum
1197 3471 1288 3514 aut
1312 3480 1514 3517 reorum

447 3533 669 3585 fortunis
712 3550 774 3585 ac
814 3537 960 3586 bonis
988 3538 1150 3600 illata,
1190 3554 1286 3603 per
1304 3557 1506 3607 usuras,

446 3617 537 3659 aut
573 3626 669 3674 per
689 3612 855 3661 litium
875 3613 1118 3677 ambages
1140 3622 1196 3664 et
1218 3618 1504 3681 sycophan-

447 3688 565 3751 tias,
586 3704 798 3753 quarum
820 3691 994 3741 miseri
1013 3693 1089 3741 illi
1116 3694 1312 3743 rabulae
1334 3696 1505 3758 periti,

446 3765 662 3814 solertes
693 3771 749 3813 et
781 3766 923 3815 cauti
945 3775 1082 3831 suut,
1103 3775 1162 3819 ut
1182 3769 1348 3819 aliena
1371 3771 1503 3821 bona

444 3839 825 3903 deproedentur.
912 3843 1099 3907 Neque
1139 3859 1263 3894 vero
1310 3847 1400 3896 abs
1442 3862 1501 3897 re

445 3916 649 3967 omnino
689 3914 754 3965 de
782 3915 1055 3967 Judicibus
1088 3918 1278 3984 iniquis
1303 3918 1505 3981 judicia

445 3991 893 4057 corrumpentibus
930 4006 1047 4042 cum
1082 3994 1388 4058 quibusdam
1419 4011 1504 4048 ac.

444 4065 625 4130 cipias.
726 4067 954 4117 Primam
1025 4068 1502 4133 interpretationem

445 4149 622 4196 tuetur
680 4144 1043 4198 casaubonus:
1095 4145 1327 4198 ultimam
1371 4147 1504 4201 banc

1597 1489 1784 1538 sistere
1807 1490 2076 1541 solebant)

1666 1568 1865 1632 Puteal]
1920 1567 2140 1632 Proprie
2181 1569 2325 1633 putei
2363 1569 2668 1632 operculum

1600 1649 1685 1693 est
1721 1645 1898 1706 puteal.
1955 1643 2124 1694 Locus
2156 1645 2331 1694 Remae
2366 1642 2470 1694 fuit
2493 1645 2546 1693 in
2570 1644 2669 1694 Co-

1602 1720 1768 1783 mitio,
1793 1722 1882 1770 ubi
1900 1721 2051 1772 Accii
2070 1723 2224 1772 Navii
2244 1722 2471 1786 Auguris
2493 1730 2668 1772 statua

1603 1811 1698 1861 per
1720 1796 2050 1862 Tarquinium
2074 1805 2269 1861 erecta,
2297 1805 2354 1849 et
2377 1798 2470 1848 sub
2493 1812 2557 1847 ca
2580 1811 2669 1847 ara

1605 1873 1960 1934 subterranea,
1973 1873 2266 1940 ibidemque
2281 1875 2550 1938 novacula,
2564 1889 2669 1939 qna

1600 1954 1772 1998 cotem
1812 1949 1901 1997 ille
1942 1950 2215 2014 inciderat,
2248 1949 2476 2001 defossa:
2530 1949 2667 1999 unde

1602 2030 1658 2072 et
1681 2031 1870 2086 puteus
1891 2023 2062 2074 dictus
2086 2026 2129 2074 is
2157 2025 2297 2075 locus
2311 2042 2325 2086 ;
2379 2033 2516 2083 teste
2538 2026 2667 2092 Die-

1604 2098 1748 2163 nysio
1788 2099 2155 2152 Halicarnass..
2187 2101 2284 2151 sub
2324 2100 2483 2150 finem
2522 2100 2668 2151 Libri

1605 2173 1767 2237 tertii,
1783 2189 2043 2238 superque
2060 2175 2354 2239 impositum
2379 2178 2559 2239 puteal
2581 2192 2668 2227 ex·

1607 2249 1771 2298 titisse
1794 2249 1869 2298 ait
1889 2250 2082 2300 Tullius
2102 2251 2193 2300 lib.
2214 2251 2280 2301 de
2298 2251 2530 2302 Divinat.
2545 2267 2664 2316 cap.

1604 2328 1685 2375 ³2.
1723 2326 1889 2376 Porro
1921 2326 2058 2390 quod
2092 2328 2255 2390 puteal
2293 2332 2528 2378 sumatur
2567 2342 2665 2392 pro

1600 2396 1714 2449 foro
1747 2406 1803 2450 et
1831 2400 2104 2450 Tribunali
2140 2403 2403 2466 Praetoris,
2433 2402 2665 2467 itemque

1598 2489 1697 2539 pro
1732 2477 1847 2526 leco
1881 2475 2281 2527 foeneratoribus
2306 2476 2665 2542 frequentate,

1606 2561 1832 2602 testatur
1869 2554 2055 2603 Cicero
2092 2568 2188 2618 pro
2213 2552 2411 2616 sextio,
2440 2569 2557 2617 cap.
2584 2558 2667 2603 18.

1601 2627 1707 2689 ubi,
1750 2628 2071 2691 ‘Gabinius,’
2116 2629 2303 2692 inquit,
2342 2629 2565 2693 ‘puteali
2607 2636 2663 2679 et

1599 2702 1967 2753 foeueratorum
1995 2701 2241 2768 gregibus
2280 2701 2519 2768 inflatus‚'
2560 2708 2661 2756 &c-

1599 2778 1686 2828 ubi
1730 2780 1819 2828 alii
1856 2780 2050 2842 legunt,
2087 2780 2327 2845 micenis.
2395 2780 2534 2830 Item
2554 2781 2663 2831 He·

1598 2861 1697 2903 rat.
1739 2855 1830 2904 lib.
1876 2868 1916 2903 1.
1958 2855 2110 2918 epist.
2151 2860 2229 2906 19.
2309 2857 2529 2905 ‘Forum
2569 2872 2661 2921 pu-

1594 2931 1803 2994 tealque
1826 2929 2036 2979 Libonis
2061 2930 2313 2982 mandabo
2337 2931 2524 2982 siccis.’
2591 2935 2660 2983 Et

1595 3004 1684 3052 lib.
1716 3017 1778 3054 ιι.
1814 3010 1911 3054 sat.
1944 3008 1994 3054 6.
2061 3007 2311 3056 ‘Roscius
2345 3008 2528 3064 orabat
2561 3008 2659 3058 sibi

1597 3079 1797 3129 adesses
1833 3081 1897 3130 ad
1936 3083 2113 3146 puteal
2152 3085 2306 3135 cras.’
2372 3086 2507 3136 Vide
2530 3087 2659 3138 Coet.

1568 3150 1764 3205 ‘Rham
1804 3155 1898 3208 lib.
1924 3170 1979 3207 x.
2014 3174 2131 3223 cap.
2157 3165 2237 3210 17.
2304 3162 2482 3225 Sigon.
2512 3164 2601 3215 lib.
2618 3178 2658 3214 1.

1600 3228 1666 3279 de
1687 3229 1864 3282 Judic.
1888 3248 2003 3296 cap.
2021 3238 2101 3285 28.
2128 3235 2356 3301 Festum,
2372 3245 2425 3288 et
2447 3239 2593 3291 alios.

1669 3317 1856 3382 Vibia-e]
1939 3320 2091 3371 Vibex
2112 3328 2195 3372 est
2228 3325 2438 3388 proprie
2460 3332 2581 3377 nota
2602 3328 2654 3375 iu

1596 3405 1817 3456 corpore
1848 3402 1968 3458 pest
1988 3397 2207 3447 verbera
2231 3407 2287 3449 et
2325 3401 2550 3451 scuticas
2579 3416 2657 3452 re·

1595 3482 1824 3520 manens.
1926 3506 1937 3514 ·

1656 3543 1917 3607 flagellas]
1953 3543 2180 3598 Similem
2197 3548 2355 3602 habet
2372 3552 2651 3617 emphasim

1582 3621 1925 3671 Tertullianus
1976 3624 2042 3673 dc
2094 3624 2274 3687 pallio,
2329 3628 2416 3677 ubi
2471 3629 2651 3680 laudet

1586 3698 1929 3762 Christianos,
1973 3700 2112 3765 qued
2152 3701 2371 3753 subsellia
2412 3720 2507 3754 uon
2545 3721 2654 3755 con·

1583 3774 1803 3835 tutuderit,
1856 3774 1910 3825 id
1956 3784 2057 3837 est,
2109 3791 2209 3826 non
2266 3789 2504 3841 premant
2555 3791 2650 3832 aut

1581 3847 1936 3914 frequentent,
1969 3852 2201 3917 adeoque
2223 3854 2402 3904 litibus
2424 3855 2651 3907 abstine·

1587 3931 1696 3974 ant.
1763 3926 2024 3977 Martialis
2046 3927 2137 3978 lib.
2158 3943 2222 3977 ιι.
2245 3930 2549 3994 epigramm.
2568 3937 2651 3982 30.

1586 4008 1641 4050 et
1675 4002 1763 4051 lib.
1801 4016 1852 4052 ν.
1888 4004 2189 4067 epigramm.
2231 4010 2309 4055 13.
2376 4006 2544 4059 ‘Arcu
2563 4006 2653 4061 fla·

1583 4078 1745 4141 gellat
1765 4079 1927 4142 opes-²
