2992 4859
533 325 666 396 2⁵8

535 495 630 536 nus
651 486 696 536 si
717 486 909 536 rimosa
928 484 1051 548 sint,
1071 484 1255 534 surdus
1284 490 1340 533 et
1373 498 1597 534 rancus:

429 585 436 588 ·
534 565 612 615 sin
644 564 868 626 sincera,
900 563 1256 624 acutum—Et,
1276 562 1382 626 ζα]
1417 564 1600 614 Altera

533 641 782 704 allegoria
801 641 867 689 nb
890 640 1290 703 expolitionibus
1322 643 1598 702 parietum,

532 716 720 782 quibus
763 732 892 780 opus
929 718 1202 766 tectorium
1237 716 1303 764 ad
1332 729 1597 765 ornamen-

534 801 647 844 tum
678 794 1222 857 illinitum—Tectam]
1258 796 1599 856 Tegumenta,

532 879 590 924 et
611 872 773 923 fucati
797 875 1013 921 colores.
1085 874 1232 921 Idm.

595 953 662 998 20
696 948 813 1008 Hic,
856 946 964 1011 qma]
1012 948 1156 997 Finis
1213 953 1271 998 et
1324 948 1597 998 consilium

529 1024 636 1074 voti
680 1024 762 1073 bic
803 1024 1130 1088 exprimitur.
1218 1025 1291 1074 Ut
1339 1024 1597 1086 nimirum,

531 1105 721 1164 quanto
765 1113 938 1148 amore
978 1099 1161 1148 intimo
1214 1107 1593 1164 pmceptorem

527 1191 675 1226 suum
713 1183 1076 1241 prosequatur,
1110 1191 1242 1239 pura
1277 1185 1332 1226 et
1377 1191 1482 1226 non
1517 1175 1596 1225 fu-

526 1260 650 1303 cata
669 1254 919 1315 oratione,
942 1254 1111 1318 eloqui
1135 1262 1192 1304 et
1221 1255 1457 1320 proferre
1481 1271 1596 1318 pos-

527 1330 808 1393 sin-Hic]
845 1331 931 1379 Ob
955 1331 1070 1392 boc,
1092 1331 1173 1379 vel
1207 1331 1273 1381 ob
1307 1334 1438 1381 banc
1474 1346 1595 1381 cau-

527 1422 656 1458 sum.
689 1407 860 1458 nabin.
900 1407 1008 1456 Alii
1028 1408 1227 1471 tegunt,
1247 1408 1350 1465 Ιιίες
1371 1407 1457 1457 Ad
1474 1408 1594 1469 ista,

529 1484 594 1532 ad
619 1482 984 1533 declarandum
1007 1497 1177 1531 meum
1206 1484 1258 1531 in
1290 1490 1343 1531 te
1367 1483 1593 1532 animum

526 1567 580 1608 et
591 1559 847 1622 judicium
875 1558 941 1607 de
969 1566 1038 1608 tc.
1110 1560 1311 1608 Casoeub.

591 1639 655 1683 27
690 1635 906 1696 Sinuoso,
926 1636 1034 1699 ξω]
1068 1634 1186 1684 Hoc
1220 1641 1319 1693 est,
1342 1635 1408 1685 In
1437 1635 1593 1685 omni·

526 1709 619 1758 bus
664 1710 821 1759 etiam
859 1710 1050 1759 intimis
1084 1711 1240 1760 animi
1284 1710 1592 1761 recessibus.

529 1785 942 1847 caman—Fari]
969 1785 1231 1848 Firmiter,
1253 1794 1308 1835 et
1327 1800 1590 1850 nunquam

522 1859 644 1909 inde
665 1861 1057 1924 exstirpandum
1079 1860 1286 1910 inserui.
1351 1861 1527 1911 labin.

586 1942 652 1987 28
706 1938 846 2000 Voce,
887 1938 996 2002 ξω]
1060 1938 1315 2002 Candida,
1371 1939 1588 1988 sincera.

525 2014 766 2079 Respicit
806 2015 873 2064 ad
916 2015 1043 2065 illud
1090 2016 1346 2079 superins,
1390 2017 1406 2044 ‘
1435 2015 1588 2079 pictoe

526 2092 751 2141 tectoria
774 2091 995 2156 linguae!
1027 2092 1493 2153 Labra—trama,
1527 2092 1591 2140 Iu

524 2167 787 2230 pubiicum
811 2168 1069 2232 proferam
1105 2175 1158 2234 et
1193 2169 1363 2232 palam
1385 2168 1590 2218 faciam.

520 2243 730 2292 Trahere
761 2258 856 2307 pro
890 2244 1080 2293 dicere.
1121 2245 1588 2294 Casama—Totum-

520 2333 632 2383 que,
652 2321 757 2384 qm]
779 2319 844 2369 Id
867 2326 967 2382 est,
986 2321 1296 2369 Universum
1318 2320 1415 2370 boc
1432 2336 1588 2384 qnan-

523 2402 629 2444 tum
665 2401 915 2461 quantum
949 2396 1404 2460 est.—Rese‘g·nent]
1445 2397 1588 2462 Ape-

519 2471 671 2533 riam,
707 2486 773 2520 ex
812 2477 996 2534 operto
1041 2470 1092 2520 in
1137 2480 1376 2535 apertum
1414 2473 1587 2536 profe-

521 2554 657 2596 rant.
723 2547 894 2598 Lubin.

581 2628 650 2673 29
707 2624 867 2689 Quod]
921 2624 983 2674 In
1027 2625 1225 2676 arcanis
1267 2625 1438 2676 cordis
1483 2626 1587 2677 mei

521 2705 898 2766 penetralibus,
919 2712 976 2755 et
1007 2705 1203 2769 jecoris
1236 2705 1403 2769 fibris,
1434 2707 1584 2769 latet,

519 2788 576 2829 et
594 2780 954 2831 absconditum
974 2789 1089 2832 est:
1113 2784 1341 2846 quamvis
1365 2783 1419 2834 id
1442 2784 1585 2833 nulla

517 2857 765 2907 orationis
797 2859 876 2907 vis
900 2859 1062 2921 possit
1085 2860 1394 2922 exprimere.
1446 2859 1585 2910 Quo-

517 2934 659 2984 circa
695 2949 785 2983 non
820 2935 1082 2984 enarrabile
1103 2936 1254 2997 dicit,
1276 2936 1582 2998 magnitudi-

516 3023 633 3059 nem
657 3011 846 3059 amoris
864 3013 1171 3074 exprimens.
1243 3012 1395 3060 Idem.

579 3091 644 3135 80
684 3087 767 3147 Ut,
790 3087 894 3150 Esou]
932 3087 1197 3136 Hactenus
1227 3087 1368 3151 qnasi
1393 3086 1579 3150 praefa·

517 3160 590 3210 tio
627 3167 682 3209 et
729 3161 989 3223 praelusio,
1029 3176 1130 3225 qua
1170 3176 1394 3210 amorem
1429 3177 1578 3213 suum

512 3250 640 3300 erga
674 3235 955 3285 Cornutum
997 3245 1372 3301 praeceptorem
1407 3237 1579 3289 decla·

512 3310 664 3360 ravit.
729 3312 847 3362 Jam
881 3311 1030 3374 hujus
1067 3313 1248 3360 amoris
1282 3328 1463 3363 causas
1487 3330 1577 3364 ex·

513 3388 694 3453 plicat,
719 3396 774 3437 et
800 3387 1054 3437 beneficia
1077 3389 1291 3438 Cornuti
1317 3390 1370 3439 in
1391 3405 1448 3441 se
1472 3393 1577 3442 col-

511 3467 620 3515 lata
645 3473 928 3514 enumerat.
987 3466 1256 3515 Describit
1271 3475 1442 3517 autem
1471 3468 1575 3531 pri-

510 3545 594 3592 mo
618 3551 841 3607 teinpus,
876 3558 979 3607 quo
1018 3558 1072 3593 se
1110 3545 1425 3607 praeceptori
1448 3546 1574 3594 Cor-

507 3623 636 3666 nuto
662 3617 1037 3667 instituendum
1062 3618 1574 3683 “widin—Pavido]

509 3692 599 3742 Ob
643 3701 870 3755 aetatem,
913 3701 1126 3756 metum,
1155 3701 1218 3742 et
1249 3695 1570 3759 magistrum.

1242 338 1457 389 80⁹1·AE
1506 338 1915 390 vAmoauu
1964 338 2045 388 m

1672 496 1904 546 purpura
1946 480 2253 543 utebantur,
2281 495 2346 531 eo
2378 479 2494 544 ipso
2532 477 2745 531 nomine

1674 559 1993 608 venerabiles
2017 567 2073 607 et
2093 559 2262 608 sancti
2288 557 2647 607 habebantur:
2679 564 2745 607 nt

1672 636 1714 684 si
1737 636 1850 699 quis
1874 636 2206 686 contumelia
2226 650 2385 685 causa
2412 649 2647 698 purpura
2667 634 2747 683 in·

1672 710 1887 773 signitos
1934 716 2293 771 attrectasset,
2338 724 2437 758 non
2474 709 2744 759 hominum

1673 791 1889 845 tuntum,
1912 785 2006 835 sed
2028 793 2083 834 et
2113 786 2347 835 Deorum
2369 785 2490 849 jura
2522 787 2743 836 violasse

1670 860 2072 923 intelligeretur.
2111 859 2312 910 Casaub.
2379 861 2633 909 Proeleztu
2655 875 2743 909 an-

1669 942 1775 986 tem
1799 945 1913 986 erat
1936 953 2097 1002 genus
2120 938 2415 987 vestimenti
2439 939 2739 1001 oblongum,

1668 1021 1724 1063 et
1749 1014 1928 1073 talare,
1958 1013 2094 1079 qiiod
2128 1014 2407 1063 nobiliores
2447 1015 2594 1077 pueri
2618 1030 2739 1063 cum

1670 1090 1812 1140 bulla
1851 1089 2116 1154 gerebant,
2141 1089 2207 1139 ad
2240 1105 2429 1139 annum
2455 1090 2631 1139 aetatis
2656 1094 2738 1138 16.

1667 1168 1915 1231 -CessitJ
1947 1167 2114 1230 Abiit,
2154 1167 2396 1228 deposita
2429 1174 2531 1229 est,
2564 1167 2737 1216 locum

1668 1242 1797 1291 dans
1823 1242 1955 1291 virili
1979 1245 2159 1306 tugen·
2187 1241 2323 1290 Vide
2358 1242 2598 1291 Macrob.
2622 1241 2735 1292 Sat.

1670 1330 1710 1368 r.
1733 1323 1782 1368 6.

1731 1400 1792 1444 81
1830 1395 2090 1459 Bellaque]
2126 1396 2255 1443 Erat
2290 1394 2430 1446 bulla
2468 1407 2624 1443 aurea
2657 1394 2733 1444 in-

1665 1471 1811 1533 signe
1836 1485 2115 1534 puerorum
2146 1477 2603 1535 proetextatorum,
2620 1486 2733 1521 cor-

1666 1546 1746 1595 dis
1787 1545 2005 1610 figuram
2052 1545 2293 1608 referens,
2321 1547 2479 1611 inque
2515 1557 2734 1610 pectore

1664 1622 1984 1686 dependens.
2052 1624 2181 1673 Cum
2213 1631 2387 1672 autem
2421 1633 2731 1686 praetextam

1664 1699 1997 1763 deponebant
2041 1715 2173 1749 anno
2220 1705 2298 1749 16.
2347 1701 2540 1761 aetatis,
2598 1701 2731 1751 banc

1665 1775 1853 1824 bullam
1892 1777 2009 1825 Diis
2044 1776 2338 1826 domesticis
2371 1787 2729 1828 consecratam

1661 1851 1898 1901 solebant
1942 1851 2192 1916 adfigere,
2237 1864 2295 1903 ut
2335 1854 2562 1917 virgines
2606 1871 2733 1920 nup·

1663 1933 1792 1976 tnrae
1831 1942 1992 1992 pupas
2028 1945 2144 1977 suas
2166 1930 2729 1996 Veneri.—Succinctis,

1661 2004 1769 2068 θα]
1804 2005 1938 2057 Quia
1970 2006 2177 2056 Gabino
2211 2007 2410 2066 habitu,
2442 2006 2730 2072 cinctuque

1663 2082 1757 2130 Dii
1808 2081 2036 2132 Penates
2077 2081 2448 2146 formabantur,
2494 2085 2729 2135 obvoluti

1663 2166 1783 2222 toga
1804 2174 1960 2224 super
1991 2160 2259 2209 humerum
2292 2160 2580 2224 sinistrum,
2603 2162 2729 2211 dex-

1665 2243 1746 2287 tro
1770 2237 1925 2286 nudo.
2002 2239 2103 2287 Vet.
2128 2239 2601 2304 Sem—Succisum
2632 2242 2730 2292 Ca·

1661 2315 1784 2364 nina
1807 2317 1942 2379 pelle
1964 2317 2146 2366 velatis
2168 2325 2222 2366 et
2250 2318 2548 2379 succinctis,
2570 2334 2727 2382 supra

1659 2391 1926 2441 humerum
1966 2393 2245 2457 sinistrum,
2289 2394 2476 2444 dextro
2516 2397 2725 2446 humero

1662 2467 1817 2518 nudo.
1881 2469 2052 2518 Lubin.

1725 2550 1789 2594 82
1827 2546 1966 2606 Cum,
1987 2545 2090 2609 esa]
2124 2547 2254 2596 Cum
2288 2555 2638 2599 assentatores
2668 2558 2725 2602 et

1660 2620 1876 2682 similes,
1896 2622 2148 2685 juvenum
2187 2623 2351 2672 latera
2391 2624 2603 2687 cingere
2644 2641 2725 2677 so·

1660 2696 1788 2757 lent,
1809 2697 2004 2746 nudata
2042 2713 2073 2745 a
2113 2699 2424 2763 paedagogi«,
2454 2701 2542 2764 qni
2572 2711 2723 2755 erant

1659 2775 1872 2824 comites
1908 2775 2412 2839 ingrati—Totaque,
2440 2777 2546 2845 esa]
2592 2781 2723 2831 Cum

1659 2856 1781 2913 toga
1814 2850 1979 2900 libera
2017 2862 2071 2900 et
2111 2852 2268 2900 virilis
2306 2864 2589 2918 assumpta,
2630 2856 2725 2906 dut

1659 2934 1989 2990 potestatem,
2024 2930 2204 2991 amori,
2226 2930 2265 2977 si
2302 2929 2377 2978 ita
2418 2930 2618 2994 lubeat,
2644 2934 2720 2981 in-

1654 3003 1925 3067 dulgendi:
1950 3012 2005 3053 et
2030 3011 2141 3055 toto
2164 3005 2251 3054 illo
2274 3003 2449 3054 infami
2472 3007 2721 3060 Suburrae

1653 3082 1789 3144 vico,
1809 3082 2076 3146 quaeremli
2114 3082 2350 3132 Lesbiam
2386 3084 2609 3147 aliquam
2636 3088 2720 3136 vel

1654 3158 1885 3208 Laidem.
1928 3159 2127 3210 Cosano.
2176 3160 2333 3208 Turn.
2374 3172 2470 3209 xx.
2513 3162 2720 3213 1.—Su-

1653 3232 1817 3300 burra]
1852 3235 2010 3285 Vicus
2048 3238 2225 3286 Roman
2255 3237 2309 3285 in
2338 3237 2550 3301 antiqua
2588 3240 2719 3290 urbe

1652 3310 2014 3365 nobilissimus.
2056 3314 2145 3362 ubi
2183 3315 2514 3363 meretricum
2548 3316 2718 3366 ‹liver-

1652 3387 1775 3436 sorii
1813 3396 1983 3449 erant,
2029 3404 2145 3453 qnae
2189 3390 2271 3438 bic
2308 3389 2600 3440 Saburram
2641 3394 2717 3443 di-

1651 3472 1857 3515 cuntur.
1891 3465 2064 3515 Lubin.

1713 3545 1775 3590 83
1814 3544 2056 3591 Candidus
2076 3541 2231 3604 umbo]
2255 3545 2601 3605 Συνεκδυχωῦε
2617 3561 2714 3609 pro

1650 3623 1790 3682 toga.
1862 3617 2104 3683 Alioquin
2140 3625 2190 3668 et
2232 3619 2284 3667 in
2309 3627 2571 3682 praetexta
2591 3638 2715 3672 cau-

1649 3694 1798 3742 didus
1818 3695 1970 3743 nimbo
1994 3701 2092 3743 est.
2155 3695 2261 3743 Vet-
2283 3695 2715 3748 Sam—Candidus

508 3769 646 3818 Nam
669 3769 735 3817 ad
759 3785 947 3818 annum
972 3771 1141 3819 oetatis
1167 3775 1244 3819 14.
1281 3785 1441 3835 usque
1472 3770 1571 3819 sub
1645 3770 1806 3833 umbo]
1828 3772 1971 3834 Toga
1996 3770 2151 3820 virilis
2174 3771 2293 3820 alba
2315 3778 2430 3820 erat
2453 3771 2565 3821 sine
2589 3788 2712 3836 pnr-

504 3843 781 3908 disciplina
805 3847 1146 3909 praeceptoris
1172 3857 1333 3895 erant.
1397 3847 1568 3896 Lubin.

1648 3861 1794 3910 pura.
1869 3847 2015 3896 Umbo
2052 3853 2196 3910 toga,
2226 3854 2310 3896 est
2339 3856 2577 3898 centrum
2610 3851 2710 3914 pli-

505 3922 762 3984 —cmtosg
784 3921 889 3984 ξω]
929 3922 1150 3972 Quando
1176 3925 1394 3985 primum
1420 3925 1567 3986 posui
1646 3938 1821 3973 carum
1860 3923 1912 3970 in
1947 3931 2100 3986 toga:
2147 3924 2219 3972 sic
2253 3924 2388 3972 enim
2427 3924 2712 3978 lautiorum

500 4013 779 4063 purpuram,
817 3998 870 4047 id
910 4006 1008 4062 est,
1040 4007 1209 4063 togam
1237 4008 1569 4063 praetextam,
1645 4006 1770 4063 toga
1807 3999 2232 4061 componebatur,
2261 4007 2319 4047 nt
2352 4008 2633 4063 corrugata
2655 4002 2710 4052 in

504 4091 621 4139 quae
668 4090 825 4139 puero
870 4074 1010 4137 mibi,
1059 4091 1150 4140 pro
1191 4076 1406 4126 custode
1454 4073 1565 4127 fnit.
1642 4077 1803 4125 multa
1824 4074 2102 4138 πτύγματα,
2125 4075 2299 4139 clypei
2328 4075 2555 4138 speciem
2576 4091 2712 4140 prae-

505 4151 582 4200 Ea
604 4152 738 4201 enim
761 4151 918 4202 vestis
940 4166 1085 4202 sacra
1109 4151 1409 4214 habebatur,
1430 4151 1566 4203 dice·
1644 4151 1826 4202 beret:
1862 4152 2010 4216 cujus
2033 4162 2271 4203 centrum
2294 4153 2504 4216 proprie
2526 4155 2713 4218 appel·

503 4224 756 4291 baturque
795 4226 826 4288 ἡ
868 4226 970 4292 ἱερὰ
1012 4225 1167 4287 ἐσθής.
1255 4227 1431 4280 Quare
1473 4229 1565 4296 qui
1639 4228 1777 4280 latur
1817 4228 2318 4297 umbof—Spoesiue,
2355 4229 2464 4296 ξω]
2513 4231 2711 4284 Omnia
