2992 4859
559 339 690 407 160

555 496 752 569 Tunc
777 504 944 588 nigri
967 502 1268 584 lemures,
1289 522 1552 589 ovoque
1576 504 1875 588 pericula
1898 505 2095 588 rupto
2110 522 2134 569 ι

1314 358 1385 408 Δ.
1433 352 1683 407 ΡΒΒΒΙῙ
1732 358 1998 408 Fusco!

2630 504 2772 572 185

563 603 748 671 Hinc
774 605 1053 691 grandes
1082 603 1286 683 Galli,
1313 608 1385 669 et
1412 624 1566 670 cnm
1594 606 1790 671 sistro
1818 605 2006 670 lusca
2033 602 2371 685 sacerdos,

561 804 1148 856 adamanta-meisa.
1216 798 2305 867 mlcrcaeatroe,etpericulcovodisraptoe
2346 801 2777 854 deindeGalliin-

554 875 751 935 gsateu
797 874 846 919 ot
866 868 1095 920 Sacerdos
1126 869 1271 919 coelo·
1301 883 1407 919 cam
1437 868 1717 933 crepitaculo
1737 868 1957 930 injiciant
1980 874 2231 919 terrorem
2257 867 2538 932 Nun-tinam,
2559 884 2663 933 Μ
2686 870 2781 929 [ιι-

1552 1037 1606 1089 Ν
1612 1036 1776 1089 ΟΤΕ

561 1152 695 1204 Quae
717 1148 886 1199 omnia
905 1147 1044 1200 ridet
1063 1148 1355 1213 Juvenalis,
1376 1150 1486 1201 Sat.
1507 1162 1624 1202 xxv.

559 1231 642 1279 96.
663 1233 719 1278 et
738 1241 849 1293 seq.
865 1232 920 1277 et
935 1226 1145 1277 Persius
1166 1226 1269 1278 bic.
1319 1226 1465 1277 Male
1488 1225 1625 1276 enim

560 1300 844 1356 audiebant
865 1304 1045 1355 Roma
1067 1303 1259 1368 Judaei,
1278 1318 1408 1371 quos
1438 1304 1625 1354 tumul·

561 1388 769 1433 tuantes
840 1381 1041 1445 expulit
1103 1380 1272 1433 Roma
1329 1381 1623 1446 Imperator

562 1456 823 1521 Claudius,
865 1456 1007 1508 Nero
1060 1457 1329 1522 suppliciis
1376 1457 1623 1521 coercuit,

560 1534 889 1586 Domitianus
923 1532 1134 1584 vexavit
1171 1533 1412 1586 tributisz
1462 1540 1523 1583 ut
1544 1547 1622 1583 rc·

560 1609 666 1660 fert
685 1609 981 1661 Suetonius.

629 1691 720 1738 185
761 1687 893 1737 Tuae
911 1685 1044 1749 sigui
1065 1687 1279 1749 lemures,
1297 1684 1405 1748 ξω]
1438 1685 1627 1751 Neque

561 1763 727 1814 solum
749 1760 914 1814 afficit
946 1769 999 1813 te
1032 1761 1419 1826 superstitiosus
1441 1762 1626 1826 pallor,

562 1839 656 1890 sed
677 1846 735 1890 et
756 1839 950 1904 subigit
972 1846 1140 1890 terror
1160 1851 1321 1887 vanus
1355 1852 1386 1887 e
1421 1837 1627 1887 lemuri-

558 1915 677 1979 bus,
713 1921 770 1966 et
801 1913 1036 1966 futilibus
1075 1914 1345 1978 portentis.
1435 1913 1625 1965 Horat.

562 1991 734 2057 Epist.
759 2004 824 2042 ιι.
847 1994 899 2041 2.
929 1992 945 2020 ⁴
970 1991 1196 2051 Somnia,
1220 1997 1443 2040 terrores
1465 1990 1627 2053 magi-

561 2082 671 2131 cos,
689 2066 962 2127 miracula,
994 2065 1177 2132 Sages,
1215 2066 1518 2117 Nocturnos
1553 2067 1626 2117 le·

559 2161 749 2205 mures,
771 2151 1117 2210 portentaque
1132 2140 1375 2194 'l'hessala
1396 2144 1536 2194 rides
1554 2143 1592 2193 ?’

625 2221 871 2285 Lemures]
931 2217 1184 2284 Apuleius
1205 2219 1273 2270 de
1294 2222 1413 2270 Deo
1443 2220 1627 2271 Socra-

561 2296 662 2347 tis:
695 2298 712 2325 ⁴
736 2296 953 2347 Animus
983 2296 1179 2347 virtute
1215 2295 1483 2361 perfectus
1521 2298 1627 2349 Ge·

559 2374 675 2425 nius
729 2379 962 2424 vocatur.
1058 2371 1302 2423 Animum
1351 2372 1627 2425 humanum

559 2449 789 2501 emeritis
811 2449 935 2501 vitoe
969 2446 1242 2514 stipendiis
1276 2464 1495 2514 corpore
1530 2466 1626 2502 suo

561 2525 886 2589 abjurantem
904 2532 1081 2577 vetere
1101 2526 1284 2577 Latina
1308 2527 1510 2591 Lingua
1528 2530 1627 2580 Le-

559 2616 759 2652 murem
804 2602 1103 2653 dictitatnm
1153 2603 1391 2668 reperio,’
1435 2604 1623 2670 inquit.

558 2676 575 2703 ⁴
600 2677 681 2726 Ex
702 2676 844 2727 bisce
860 2677 1162 2728 Lemuribus
1185 2678 1274 2744 qui
1298 2685 1625 2743 posterorum

561 2768 771 2804 suorum
820 2769 997 2805 curam
1037 2755 1271 2819 sortitus,
1315 2758 1524 2822 placato
1571 2766 1627 2809 ct

559 2829 736 2895 quieto
761 2831 986 2881 Numine
1008 2830 1213 2883 domum
1244 2833 1492 2897 possidet,
1523 2835 1627 2885 Lar

559 2904 822 2956 familiaris
861 2906 1085 2958 dicitur:
1137 2909 1227 2975 qui
1267 2925 1391 2960 vero
1428 2911 1498 2962 ob
1536 2912 1625 2962 ad-

558 2994 708 3031 versa
728 2982 852 3032 vitae
875 2982 1079 3045 merita,
1117 2984 1269 3035 nullis
1302 2984 1452 3036 bonis
1490 2987 1624 3037 sedi-

558 3056 677 3118 bus,
716 3055 914 3107 inc'erta
954 3059 1238 3124 vagatione,
1278 3074 1371 3110 sen
1400 3062 1623 3126 quodam

558 3131 716 3181 exilio
764 3133 998 3197 punitur,
1042 3135 1193 3184 inane
1242 3137 1624 3189 terriculamen-

559 3213 671 3257 tum
688 3206 835 3258 bonis
850 3210 1152 3274 bominibus,
1169 3217 1397 3261 ceterum
1415 3215 1624 3265 noxium

557 3281 726 3344 malis,
765 3283 819 3332 id
856 3298 1014 3346 genus
1036 3285 1270 3350 plerique
1294 3287 1483 3338 Larvas
1508 3305 1625 3354 per-

556 3357 756 3409 hibent.
823 3360 952 3411 Cum
973 3375 1096 3410 vero
1115 3362 1372 3413 incertum
1394 3372 1492 3428 est,
1507 3381 1622 3430 quae

558 3434 750 3501 cuique
767 3451 946 3486 eorum
968 3438 1169 3489 sortitio
1187 3440 1437 3503 evenerit,
1449 3448 1621 3492 utrum

556 3513 661 3565 Lar
704 3514 791 3580 sit,
829 3530 895 3565 an
943 3516 1129 3581 Larva,
1168 3519 1371 3569 nomine
1410 3518 1620 3574 Manem

555 3591 733 3642 Deum
769 3594 1105 3658 nuncupant!
1181 3595 1328 3647 Idem
1368 3596 1620 3662 Apuleius

557 3667 613 3717 in
647 3668 908 3733 Apologia
945 3671 1020 3721 sic
1059 3670 1247 3722 babet:
1298 3674 1314 3702 ‘
1338 3673 1486 3724 Duat
1524 3675 1621 3726 tibi

555 3740 705 3792 Deus
727 3744 792 3794 ob
800 3745 904 3795 vias
920 3746 1117 3809 species
1133 3760 1469 3814 mortuorum,
1482 3750 1624 3815 quic—

556 3816 683 3883 quid
725 3821 1037 3871 Umbrarum
1084 3831 1167 3872 est
1204 3839 1437 3888 nsquam,
1482 3826 1623 3890 quic·

558 3891 682 3959 qnid
733 3894 1030 3959 Lemurum,
1073 3898 1317 3963 quicquid
1367 3900 1623 3965 Manium,

556 3967 798 4035 quicquid
825 3970 1106 4022 Lai-varum
1129 3974 1291 4023 oculis
1330 3975 1432 4025 tuis
1468 3991 1623 4042 ogge-

558 4052 659 4109 rat,
677 4044 850 4096 omnia
881 4046 1111 4097 noctium
1142 4051 1494 4112 occursacula,
1517 4068 1621 4103 om-

557 4123 644 4173 nia
666 4123 930 4174 bustorum
953 4120 1330 4185 sormidamina,
1352 4128 1520 4177 omnia
1541 4144 1618 4179 se-

558 4197 849 4264 pulcrorum
874 4200 1326 4255 terriculamenta?
1390 4203 1529 4256 Plin.
1552 4207 1618 4257 E·

1704 1149 1829 1215 pist.
1867 1163 1972 1202 vn.
2006 1154 2089 1203 2⁸7.
2127 1153 2294 1204 multa
2325 1150 2491 1204 refert
2522 1152 2578 1202 id
2610 1165 2780 1217 genus

1703 1234 1957 1277 nocturna
1981 1229 2359 1293 phantasmata,
2374 1236 2485 1296 tum
2507 1229 2621 1281 aliis
2652 1244 2777 1281 eun

1700 1303 1797 1353 sibi
1834 1304 1963 1355 visa.
2038 1305 2143 1357 Hic
2182 1321 2282 1370 per
2316 1306 2542 1356 mes
2574 1304 2777 1371 signifi-

1703 1385 1889 1428 cantur
1924 1380 2137 1432 Umbrae
2178 1382 2448 1432 nocturna
2486 1387 2545 1432 et
2584 1382 2775 1432 Lam

1703 1454 1878 1505 domos
1916 1454 2244 1521 infestantes,
2279 1473 2396 1524 quat
2432 1458 2607 1509 omnia
2648 1473 2778 1509 noc·

1703 1533 1833 1583 tium
1881 1534 2305 1586 terriculamenta
2356 1535 2777 1599 procurabantur

1704 1624 1794 1660 seu
1818 1603 2316 1674 averruncabantu‘r,
2335 1610 2510 1661 fabam
2530 1616 2696 1665 noctu
2717 1609 2779 1660 in

1704 1686 1875 1736 Sacris
1887 1687 2172 1752 jactando;
2205 1694 2463 1739 testantur
2482 1689 2673 1752 Varro,
2706 1687 2778 1737 de

1704 1762 1831 1812 Vita
1853 1763 2044 1827 Populi
2079 1763 2297 1813 Romani
2334 1764 2428 1815 lib.
2468 1779 2510 1814 1.
2549 1765 2642 1814 nbi
2683 1764 2784 1828 ait,

1705 1840 1721 1865 ‘
1745 1837 1809 1887 In
1847 1837 2019 1889 Sacris
2053 1837 2227 1889 fabam
2258 1839 2468 1904 jactant
2499 1847 2685 1903 noctu,
2718 1847 2780 1890 et

1705 1914 1887 1964 dicunt
1939 1929 1995 1966 se
2034 1917 2283 1966 Lemures
2323 1915 2474 1967 domo
2511 1924 2666 1967 extra
2694 1914 2782 1980 ja-

1704 2006 1858 2045 nuam
1879 1991 2071 2056 ejicere
2087 1992 2120 2042 ε’
2167 1998 2223 2042 et
2241 1989 2395 2042 Ovid.
2411 1993 2559 2042 Fast.
2578 2005 2631 2043 v.
2655 1987 2779 2043 fuse

1706 2084 1816 2120 rem
1838 2070 2086 2133 explicat,
2107 2075 2163 2119 et
2184 2084 2378 2119 morem
2415 2069 2559 2118 illum
2596 2082 2782 2134 super-

1706 2144 1959 2195 stitiosum
1980 2143 2344 2211 persequitur:
2362 2130 2657 2208 ”signaque
2682 2142 2780 2193 dat

1705 2221 1883 2286 digitis
1899 2220 2068 2270 medio
2091 2236 2208 2271 cum
2231 2220 2422 2286 pollice
2432 2220 2651 2285 junctis,
2666 2220 2779 2272 Oo-

1708 2305 1885 2347 currat
1928 2298 2091 2348 tacito
2134 2310 2200 2347 ne
2244 2297 2375 2347 levis
2424 2295 2610 2359 umbra
2655 2297 2777 2348 sibi.

1708 2374 1942 2439 Cumque
1963 2388 2141 2425 manus
2179 2388 2307 2438 pure
2340 2372 2555 2424 fontana
2579 2374 2783 2437 perluit

1705 2450 1862 2515 unda,
1891 2450 2149 2514 Vertitur,
2181 2457 2238 2500 et
2272 2449 2443 2513 nigras
2464 2449 2661 2515 accipit
2683 2462 2779 2500 ore

1703 2523 1869 2576 fabas.
1970 2526 2302 2591 Aversusqne
2348 2525 2486 2590 jacit
2502 2526 2780 2577 z—mnbra

1702 2606 1917 2665 putatur
1941 2602 2229 2666 Colligere,²
2249 2606 2347 2654 ὅτε.

1773 2679 1961 2744 Ovaque
1976 2679 2188 2744 perio-ala
2207 2679 2371 2746 rapto]
2418 2680 2435 2709 ‘
2458 2679 2779 2733 Sacerdotes

1705 2754 1794 2821 qni
1825 2757 2154 2823 explorandis
2176 2757 2422 2822 periculis
2444 2771 2593 2808 sacra
2612 2756 2778 2810 facie·

1707 2829 1852 2894 bant,
1887 2832 2161 2883 observare
2200 2832 2438 2883 solebant
2470 2847 2625 2883 ovum
2662 2833 2779 2899 igni

1704 2907 2017 2972 impositum,
2037 2916 2209 2960 utrum
2232 2910 2283 2959 in
2308 2909 2500 2975 capite,
2518 2924 2585 2959 an
2620 2910 2674 2960 in
2700 2911 2779 2960 la-

1706 2991 1818 3034 tere
1865 2985 2163 3037 desudaret.
2247 2986 2303 3035 Si
2341 2993 2513 3037 autem
2554 2994 2776 3051 ruptum

1702 3059 1990 3124 effluxerat,
2011 3062 2303 3127 periculum
2337 3060 2685 3127 portendebat
2719 3064 2775 3114 ei

1702 3152 1798 3202 pro
1820 3153 1923 3203 quo
1946 3138 2144 3190 factum
2165 3138 2358 3201 suerat,
2388 3140 2469 3189 vel
2510 3137 2584 3189 rei
2620 3137 2777 3190 fami-

1704 3211 1817 3262 liari
1861 3212 2003 3278 ejus!
2070 3214 2201 3265 Haec
2238 3220 2389 3264 vetus
2434 3213 2773 3266 Scholiasta.

1703 3287 1779 3339 At
1803 3289 1940 3339 aliud
1976 3288 2358 3354 superstitionis
2383 3304 2546 3353 genus
2567 3289 2633 3339 de
2657 3291 2777 3341 ovis

1703 3364 1871 3430 ruptis
1892 3375 2068 3416 narrat
2089 3365 2302 3424 Plinius,
2322 3378 2523 3416 xxvm.
2539 3370 2590 3416 2.
2612 3366 2630 3394 ‘
2644 3365 2775 3419 Huc

1703 3440 1969 3505 pertinet,'
2000 3441 2186 3507 inquit,
2215 3441 2234 3468 ‘
2254 3455 2467 3491 ovorum
2499 3449 2557 3492 nt
2594 3456 2777 3493 exsor-

1700 3517 1875 3569 bnerit
1915 3518 2131 3584 quisque
2169 3518 2380 3581 calices,
2417 3517 2775 3571 cochlearum·

1701 3610 1817 3660 que,
1838 3596 2071 3660 protinus
2087 3595 2275 3661 frangi,
2288 3605 2381 3646 aut
2398 3595 2603 3646 eosdem
2616 3600 2778 3651 coch-

1698 3669 1927 3720 learibus
1950 3668 2238 3734 perforari!
2284 3669 2503 3721 Veteres
2524 3673 2774 3725 nimirum

1699 3747 1952 3798 bominem
1991 3747 2111 3798 laedi
2148 3748 2406 3812 putabant
2439 3763 2536 3815 per
2570 3751 2776 3803 malefi-

1701 3822 1858 3887 cium,
1880 3824 1923 3874 si
1962 3840 2174 3875 ovorum
2216 3832 2366 3876 teste
2403 3842 2501 3877 acu
2538 3826 2776 3892 persora·

1697 3909 1909 3952 rentur:
1967 3903 2106 3969 quod
2148 3918 2213 3954 ne
2256 3904 2510 3970 eveniret,
2544 3920 2773 3958 ovorum

1699 3978 2125 4046 cochlearumque
2143 3983 2406 4045 putamina
2427 3983 2600 4033 statim
2623 3982 2773 4034 fran-

1697 4056 1888 4120 gebant
1922 4071 1982 4107 ac
2037 4059 2437 4124 pertundebant,
2471 4067 2531 4111 ut
2566 4062 2777 4112 malefi-

1696 4132 1832 4182 cium
1876 4143 2196 4201 occuparent
2239 4144 2398 4204 atque
2441 4144 2769 4194 averterent.

1694 4207 1986 4261 Turnebus.
