2992 4859
476 316 611 383 804
972 329 1359 383 excussus
1404 331 1744 380 comeum
1791 330 1864 379 A.
1913 330 2182 382 nasu.

567 474 751 541 Inter
792 474 1232 540 Burneienses
1281 471 1482 537 codd.
1528 481 1663 536 non'
1705 491 1882 537 nunc
1924 487 2346 537 numeramus
2395 491 2515 539 eos
2556 472 2677 539 ubi

479 573 640 644 Juv.
671 584 738 644 et
765 577 1040 643 Persius
1068 575 1400 661 conjuncti
1427 575 1864 656 inveniantur-3
1906 574 1991 638 de
2014 575 2120 639 bis
2142 575 2319 642 enim
2336 575 2483 661 jam
2510 575 2681 641 satis

482 682 551 745 in
580 680 718 745 alio
744 680 897 743 loco
926 679 1175 743 dictum
1204 682 1326 742 est.

571 781 709 845 His
760 781 987 846 forsan
1041 778 1389 864 adjiciatur
1427 774 1816 861 exemplare
1846 775 2023 856 edit.
2076 776 2230 842 Lut.
2279 776 2435 843 Svo.
2482 776 2680 843 1590.

486 885 666 969 typis
693 883 957 968 quidem
988 882 1397 965 impressum,
1432 883 1629 942 notas
1659 896 1817 943 vero
1847 877 2019 942 Mss.
2047 877 2130 942 cI.
2160 878 2443 943 Bentleii
2470 876 2681 943 couti·

486 1005 665 1052 nens.
705 983 868 1051 Vid.
905 979 1079 1046 Brit.
1121 978 1194 1042 M
1199 1002 1288 1044 us.
1324 976 1472 1068 Cat.
1504 980 1631 1044 sub
1664 976 1908 1044 Persio.

575 1085 804 1152 Alium
832 1088 1031 1150 etiam
1072 1084 1313 1147 librum
1357 1082 1662 1167 impress.
1708 1082 1836 1147 hoc
1885 1080 2020 1145 loci
2066 1081 2478 1163 indicamus;
2520 1080 2683 1148 Per-

488 1189 659 1254 sium
685 1205 946 1272 nempe,
974 1187 1127 1252 8vo.
1158 1185 1308 1250 Lut.
1336 1185 1531 1250 1585.
1557 1204 1713 1248 cum
1734 1183 1908 1248 notis
1940 1182 2115 1249 Mas.
2147 1182 2241 1262 Is.
2275 1181 2681 1258 Casauboni.

493 1275 670 1353 Brit.
702 1284 875 1356 Mus.
909 1283 1122 1353 Catal.
1151 1288 1276 1353 sub
1313 1282 1554 1350 Persio.

1338 1386 1592 1452 Codices
1628 1384 1832 1451 Oxou.

579 1491 784 1572 Quod
824 1491 916 1564 ad
963 1492 1156 1580 codd.
1185 1491 1368 1558 Pers.
1406 1487 1596 1556 Bodl.
1626 1495 1907 1574 spectat,
1936 1510 2090 1574 qum
2119 1488 2347 1574 „⁹um
2394 1490 2687 1568 diximus

493 1593 842 1672 sufficiant,
871 1593 988 1658 ubi
1014 1593 1060 1658 J
1065 1613 1176 1657 uv
1217 1598 1283 1657 et
1331 1593 1521 1657 Pers.
1554 1593 1747 1657 codd.
1792 1592 2188 1677 conjunctos
2234 1594 2688 1666 tractavimus

490 1694 818 1779 Accipias
845 1699 1058 1759 tamen
1092 1690 1392 1758 canonici
1422 1693 1569 1758 Lat.
1598 1693 1709 1758 46.
1734 1693 1925 1758 Pers.
1956 1694 2097 1758 Sat.
2126 1693 2236 1758 cui
2259 1691 2530 1760 Horatii
2556 1690 2691 1759 Ars

496 1793 775 1864 Poetica
803 1797 1232 1884 subjungitur.

579 1896 780 1977 Quod
810 1897 898 1962 ad
922 1891 983 1961 d’
987 1896 1419 1986 OrvillianoS,
1442 1895 1719 1961 Persius
1744 1889 1791 1960 J
1794 1895 2056 1961 uveuah
2083 1896 2515 1981 subjungitur.

1259 1989 1513 2062 Codices
1548 1994 1851 2060 Cantabr.

585 2099 902 2166 Similiter
928 2100 1278 2166 dicendum
1304 2107 1408 2167 est
1437 2100 1522 2164 de
1554 2095 2193 2184 Cantabrigiensibps.
2274 2065 2549 2166 Persius
2578 2119 2693 2167 ao-

498 2203 980 2292 cipiendus‘est
1005 2203 1408 2290 conjunctim
1439 2220 1593 2266 cum
1625 2200 1671 2265 J
1675 2202 1950 2266 uvenale
1974 2200 2093 2287 (de
2134 2220 2272 2284 quo
2316 2201 2550 2268 videas
2577 2222 2695 2269 su·

496 2300 675 2390 pra),
719 2301 842 2368 sed
865 2323 995 2367 non
1024 2299 1403 2386 separatim,
1451 2305 1585 2368 nisi
1634 2304 1703 2367 in
1741 2322 1874 2369 uun
1922 2301 2176 2368 Codice
2216 2304 2337 2387 qui
2370 2304 2533 2370 olim
2558 2304 2695 2372 fuit

495 2405 775 2471 Thomae
805 2403 998 2482 Gale,
1048 2423 1222 2469 nunc
1276 2402 1460 2468 Trin.
1513 2403 1685 2469 Con.-
1753 2402 1924 2469 cod.
1961 2404 2296 2487 antiquus,
2327 2406 2691 2474 membran.

491 2506 861 2585 continens,
902 2526 1051 2570 cum
1081 2503 1254 2583 aliis,
1285 2503 1507 2570 Persii
1555 2503 1834 2584 Satires,
1863 2523 2035 2589 quas
2072 2509 2247 2570 notae
2272 2504 2610 2589 plurium,
2623 2512 2693 2573 et

500 2604 814 2704 insomnis
840 2606 1117 2686 curiosis,
1145 2585 1560 2671 comitantur.

1363 2704 1571 2770 Codes
1602 2703 1839 2770 Scotus-

509 2885 520 2892 ,
591 2809 670 2875 In
696 2809 992 2875 biblioth.
1033 2806 1527 2896 Advocatorum
1575 2806 1755 2891 apud
1804 2806 1990 2876 Soet.
2035 2813 2139 2873 est
2182 2806 2331 2884 cod.
2380 2807 2520 2888 ΜΒ.
2568 2828 2693 2876 sex

499 2911 641 2977 Sat.
671 2909 891 2976 Persii
917 2911 1290 2978 continens.
1332 2905 1466 2973 alia
1493 2909 1691 2992 etiam
1720 2909 2028 2978 eontinet.
2058 2910 2212 2975 Svo.
2238 2911 2594 2976 membran.

602 3115 683 3186 P.
707 3120 775 3187 S.
837 3119 974 3188 His
1017 3123 1238 3198 finitis,
1268 3123 1426 3188 dum
1453 3123 1718 3207 pagium
1748 3123 1871 3188 sub
1900 3122 2112 3213 praelo
2155 3128 2327 3202 sunt,
2358 3124 2709 3210 subjungi-r

427 3243 435 3252 ·
502 3244 652 3290 mus
680 3223 848 3288 duos
873 3224 1140 3288 codices
1170 3223 1407 3303 Persii,
1442 3227 1513 3289 in
1541 3225 1936 3290 bibliotheca
1962 3226 2147 3290 Trin.
2178 3224 2349 3292 coll
2377 3224 2697 3308 (humb-3

505 3323 728 3406 Notas
757 3323 931 3390 Mss-
971 3324 1058 3389 Τ.
1090 3323 1309 3405 Galei,
1338 3328 1409 3392 in
1436 3325 1766 3404 Persium,
1796 3328 1863 3392 iu
1884 3329 2118 3394 eadem
2157 3328 2462 3396 biblioth.
2487 3328 2701 3396 lateu-

504 3435 627 3512 tes,
657 3430 745 3503 et,
773 3428 844 3490 ni
868 3425 1180 3506 fallimur,
1207 3445 1545 3510 uunquam
1573 3426 2050 3511 promulgatam
2092 3436 2161 3495 et
2188 3430 2366 3514 apud
2392 3429 2697 3498 biblioth.

505 3499 768 3592 Scholae
799 3526 1404 3605 EtonensiS,uuu1u
1421 3529 1572 3594 cod
1590 3532 2083 3596 commentarii
2065 3551 2136 3596 m
2144 3532 2479 3609 Persium,
2496 3541 2703 3597 unum

503 3625 664 3692 item
697 3628 1002 3692 Persium
1032 3634 1097 3692 et
1137 3626 1183 3691 J
1189 3630 1531 3696 uvenalem
1558 3630 2021 3710 continentem,
2048 3638 2116 3697 et
2161 3631 2365 3700 alium
2403 3631 2449 3696 J
2454 3645 2701 3699 uvena

504 3725 634 3794 lem
664 3730 805 3792 sine
835 3728 1106 3810 Persio;
1148 3736 1217 3794 et
1242 3731 1439 3796 etiam
1483 3730 1770 3804 librum
1751 3749 2143 3813 impressum
2159 3731 2470 3799 Juvenal.
2500 3729 2696 3818 (edit.

507 3797 744 3893 Milan.
776 3826 1007 3912 1746.)
1041 3849 1189 3894 cum
1216 3831 1393 3896 notis
1417 3831 1584 3897 Mss.
1656 3831 1810 3895 Hos
1839 3834 2108 3899 codices
2139 3836 2383 3917 longo·
2353 3855 2497 3920 Jam
2530 3841 2710 3901 tun-2

505 3948 671 4016 pore
714 3929 1002 3995 abhinc
982 3949 1053 3992 ιιι
1082 3930 1380 3998 biblioth.
1408 3930 1719 3996 Etoueusi
1748 3935 2010 4017 positos
2036 3949 2259 4021 usque.
2276 3937 2365 4002 ad
2399 3955 2698 4022 proesms

509 4030 706 4095 sedes
749 4031 1056 4118 proprias
1084 4050 1454 4113 occupasse
1479 4032 1703 4098 edocti
1734 4053 1965 4098 sumus
1994 4038 2082 4104 ab
2108 4037 2374 4108 erudito
2399 4036 2698 4122 eiusdem

508 4127 836 4220 Magistro
884 4132 1157 4212 scholae,
1204 4133 1277 4198 J.
1312 4133 1556 4216 Keate,
1585 4134 1634 4199 S
1641 4134 1740 4202 ..Τ
1745 4135 1828 4202 Ρ.
1862 4137 1988 4202 cui
2036 4139 2127 4204 ob
2171 4137 2713 4226 bmoleqflm

510 4232 741 4316 gratiae
770 4234 1007 4300 debent
1033 4234 1277 4301 referri.
1882 4299 1887 4308 .
