2992 4859
450 326 537 391 12
1222 340 1317 390 na
1362 340 1611 389 Psasu
1665 328 1867 403 vrrs,

440 506 707 570 semper
727 488 1015 553 animum
1046 485 1472 562 attenderent,
1522 505 1724 568 seque
1763 486 1832 549 in
1860 485 1994 549 illis
2035 482 2429 549 adhibendis
2459 502 2650 547 exer-

444 593 683 665 cerent,
744 589 1073 670 ingenium
1131 586 1498 667 neglectum
1551 593 1985 662 exaresceret,
2059 586 2406 668 omnisque
2457 603 2652 668 gene-

390 746 407 763 ,
446 678 665 755 ‘rosior
703 697 773 755 et
812 691 1006 755 altior
1045 690 1318 773 spiritus
1347 696 1467 752 ant
1495 691 1996 769 extingueretur,
2032 695 2150 751 aut
2177 688 2410 752 saltem
2452 686 2648 770 quasi

446 790 885 873 compedibus
902 792 1280 868 vinciretur,
1303 810 1456 873 quae
1479 808 1734 854 omnem
1763 789 2044 853 liberum
2065 807 2333 853 cursum
2360 786 2650 877 retarda-

444 897 589 957 rent
621 898 688 957 et
716 892 1128 975 impedirent.

442 1018 453 1026 ·
533 993 925 1058 Dramatica
974 994 1167 1070 ratio,
1227 1012 1365 1076 qua
1412 1011 1605 1076 saepe
1644 992 2028 1057 felicissime
2066 992 2391 1057 Horatius
2421 991 2647 1066 utitur,

441 1114 732 1179 quaeque
761 1094 1110 1177 prudenter
1139 1095 1433 1159 adhibita
1471 1096 1540 1159 in
1570 1094 1789 1158 satiris
1816 1112 1946 1158 non
1973 1094 2207 1157 ultima
2240 1094 2386 1158 laus
2409 1097 2533 1167 est,
2582 1090 2648 1153 iu

443 1193 702 1272 Persio,
748 1196 862 1278 qui
902 1215 1049 1260 eam
1080 1214 1344 1279 quoque
1390 1196 1688 1271 tentavit,
1731 1194 1973 1259 multas
2002 1202 2183 1258 creat
2208 1192 2648 1259 difficultates.

445 1297 711 1363 Etenim
736 1297 939 1361 modo
965 1298 1404 1363 adversarium
1426 1299 1804 1381 loquentem
1828 1296 2108 1373 inducit,
2133 1316 2348 1381 eoque
2370 1295 2648 1358 dimisso

442 1400 673 1464 statim
703 1398 873 1462 alius
918 1398 990 1461 in
1036 1417 1302 1464 scenam
1341 1400 1588 1489 prodit,
1633 1418 1766 1462 non
1809 1399 1923 1463 ille
1969 1401 2192 1481 prim-3
2259 1399 2384 1462 nisi
2434 1396 2651 1460 mavis

447 1505 751 1577 statuere,
781 1520 1020 1584 parum
1047 1504 1378 1582 cogitasse
1420 1501 1747 1580 Persium,
1770 1520 1947 1584 quas
1985 1506 2213 1585 partes
2241 1498 2517 1564 tuendas
2545 1517 2652 1560 se·-

445 1601 580 1664 mel
609 1601 695 1678 ei,
718 1620 1008 1684 quocum
1032 1602 1165 1666 sibi
1188 1622 1325 1667 rem
1347 1622 1499 1666 esse
1527 1602 1814 1681 finxerit,
1842 1602 2164 1682 tribuerit,
2184 1608 2252 1666 et
2269 1600 2421 1665 inde
2442 1599 2646 1663 modo

443 1703 576 1766 hoc
602 1701 804 1766 modo
828 1704 993 1767 illud
1021 1703 1477 1770 defendentem
1507 1705 1875 1769 induxisse.
1962 1706 2165 1787 Saepe
2205 1704 2405 1767 etiam
2433 1702 2650 1765 imita-

436 1793 551 1867 ‘tur
579 1809 823 1869 tantum
848 1805 1101 1871 Noster
1123 1807 1400 1873 aliorum
1433 1826 1825 1883 sermonem,
1873 1806 2361 1888 dictionemqne
2388 1809 2646 1869 naturae

445 1905 706 1970 illorum
734 1910 800 1968 et
822 1906 1028 1970 indoli
1060 1906 1544 1974 accommodat.
1636 1907 2014 1973 Difficultas
2043 1914 2263 1972 autem
2284 1904 2438 1971 inde
2457 1923 2649 1987 saepe

445 2006 755 2084 oboritur,
798 2006 977 2088 quod
1020 2010 1089 2073 in
1136 2009 1304 2091 ipsis
1332 2008 1616 2090 dialogis
1644 2028 1774 2074 non
1801 2019 2110 2074 accurate
2137 2009 2306 2074 satis
2332 2014 2403 2072 et
2427 2006 2650 2089 ipsius

442 2116 514 2174 et
540 2109 898 2174 adversarii
927 2118 1149 2194 partes
1178 2110 1480 2177 discretae
1511 2117 1685 2189 sunt,
1714 2117 1787 2177 ut
1814 2112 2040 2176 statim
2068 2130 2220 2175 cum
2247 2110 2470 2185 exiis,
2494 2127 2650 2191 qum

445 2210 770 2290 dicuntur,
803 2217 941 2276 tum
969 2231 1056 2274 cx
1085 2212 1335 2275 ratione
1373 2211 1636 2276 dicendi
1663 2212 1818 2296 ipsa
1846 2213 2196 2295 intelligas,
2222 2215 2369 2277 uter
2393 2211 2504 2287 sit,
2535 2209 2651 2292 qui

447 2311 776 2394 loquatm,
804 2332 960 2377 cum
982 2319 1250 2395 repente
1277 2313 1642 2381 orationem
1671 2302 2022 2396 excipiens
2042 2331 2130 2376 ea
2154 2311 2369 2378 dicere
2397 2317 2651 2394 pergat,

449 2433 600 2498 quae
648 2414 1069 2478 adversarius
1116 2433 1401 2479 exorsus
1444 2416 1677 2492 fuerat,
1728 2424 2046 2498 tanquam
2090 2415 2234 2498 ejus
2292 2414 2475 2478 vices
2516 2412 2651 2476 sibi

447 2521 668 2581 essent
692 2515 1010 2581 tutandae.
1099 2516 1388 2582 Pertinet
1413 2516 1683 2601 quidem
1713 2517 1862 2583 haec
1888 2519 2056 2581 ratio
2084 2515 2173 2580 ad
2198 2516 2500 2591 ironiam,
2530 2511 2649 2578 sed

446 2634 756 2699 magnam
803 2618 999 2683 habet
1045 2618 1435 2696 cautionem,
1480 2639 1564 2682 ne
1592 2620 2054 2703 perspicuitati
2096 2617 2440 2693 officiatur,
2472 2616 2653 2680 cuia

447 2717 674 2802 poetis
702 2719 899 2782 etiam
927 2720 1400 2784 consulendum
1434 2726 1558 2798 est,
1588 2740 1876 2804 quoeqne
1905 2721 1993 2789 ab
2021 2720 2109 2784 iis
2135 2724 2382 2783 tantum
2410 2716 2653 2799 negligi

449 2816 639 2898 solet,
665 2820 777 2903 qui
802 2822 1062 2903 ingenio
1107 2820 1403 2888 destituti
1431 2823 1715 2887 aliorum
1761 2823 2048 2887 inventis
2073 2827 2358 2899 utuntur,
2396 2821 2654 2885 novita-

450 2928 713 3006 temque
741 2922 811 2983 in
839 2929 1072 2989 ornatu
1102 2923 1316 2988 solum
1338 2927 1667 3006 quaerunt.
2339 2976 2348 2985 ,

533 3023 781 3089 Verum
824 3024 890 3087 in
916 3025 1131 3089 ironia
1157 3025 1531 3090 adhibenda
1561 3025 1828 3089 Persius
1853 3043 2037 3107 saepe
2081 3023 2531 3107 nequicquam.
2553 3023 2652 3087 la·

449 3127 729 3190 bor-avit.
820 3124 981 3188 Non
1020 3126 1274 3189 videtur
1316 3125 1489 3189 enim
1538 3124 1656 3188 illa
1702 3124 2092 3188 elocutionis
2121 3123 2331 3207 figura
2359 3123 2654 3188 ardentis

447 3246 600 3290 esse
648 3227 913 3308 ingenii,
965 3245 1087 3290 nec
1136 3227 1220 3290 ab
1266 3246 1349 3291 eo
1381 3225 1579 3292 facile
1610 3245 1813 3309 posse
1842 3228 2126 3303 tractari,
2175 3225 2368 3309 cujus
2397 3225 2652 3291 animus

448 3327 735 3409 graviori
761 3327 989 3410 aliqua
1026 3327 1484 3392 commotionis
1513 3347 1741 3409 genere
1771 3329 2236 3407 conturbatnr3
2292 3333 2398 3391 est
2425 3326 2653 3409 potius

449 3428 731 3493 ludentis
774 3435 890 3492 aut
934 3429 1098 3491 risui
1149 3430 1496 3494 stultitiam
1542 3431 1796 3495 salibus
1822 3437 1890 3494 et
1915 3429 2177 3494 facetiis
2207 3428 2650 3513 propinantis.

451 3529 609 3609 Quo
639 3533 841 3597 etiam
866 3531 963 3607 fit,
996 3537 1066 3595 ut
1094 3530 1372 3595 Persius
1405 3532 1491 3597 ab
1522 3531 1758 3608 ironia,
1791 3550 1926 3614 qua
1963 3532 2060 3595 uti
2100 3531 2406 3614 coeperit,
2432 3530 2651 3593 statim

446 3633 778 3704 deflectat.
828 3638 1024 3715 atque
1063 3631 1150 3696 ad
1198 3634 1548 3715 pristinam
1584 3634 1977 3715 gravitatem
1998 3638 2066 3695 et
2094 3631 2525 3696 acrimoniam
2552 3650 2654 3694 re·
2751 3640 2758 3645 ’

448 3739 758 3799 vertatur.
850 3734 1135 3799 Omnino
1188 3735 1455 3819 quidem
1507 3735 1576 3798 id
1635 3735 1808 3798 vitio
1854 3752 1985 3798 non
2031 3733 2358 3810 verterim,
2399 3733 2458 3795 si
2506 3732 2655 3815 quis

447 3837 726 3900 ironiam
759 3857 878 3919 per
905 3842 1112 3900 totum
1143 3856 1315 3920 opus
1346 3857 1477 3903 non
1506 3842 1788 3912 tueatur,
1817 3834 2001 3918 quod
2030 3840 2102 3898 ut
2127 3833 2262 3912 fiat,
2296 3853 2341 3897 a
2383 3833 2656 3917 quibus-

449 3936 602 4000 dam
653 3937 1169 4020 pulchritudinis
1216 3946 1283 4005 et
1328 3941 1687 4005 venustatis
1735 3937 2057 4003 doctrinae
2094 3936 2426 4019 magistris
2477 3935 2657 4001 velut

452 4040 595 4120 lege
621 4040 948 4104 sancitum
978 4039 1314 4120 videmus3
1369 4060 1586 4124 neque
1616 4041 2071 4105 ad-Socratem
2111 4037 2445 4119 confugio,
2475 4043 2551 4101 ut
2578 4036 2658 4101 il·

445 4140 579 4204 lius
605 4139 915 4225 exemplo
940 4138 1071 4203 hoc
1099 4139 1467 4219 defendam,
1499 4142 1628 4227 qui,
1644 4160 1831 4227 saepe
1858 4141 2033 4219 serio
2066 4140 2242 4218 dicta
2267 4139 2502 4207 ironiae
2531 4139 2654 4204 im·
