<?xml version="1.0" encoding="UTF-8"?>
<!DOCTYPE html PUBLIC "-//W3C//DTD XHTML 1.0 Transitional//EN"
    "http://www.w3.org/TR/xhtml1/DTD/xhtml1-transitional.dtd">
<html xmlns="http://www.w3.org/1999/xhtml" xml:lang="en" lang="en">
 <head>
  <title>
</title>
<meta http-equiv="Content-Type" content="text/html;charset=utf-8" />
  <meta name='ocr-system' content='tesseract 3.04.00' />
  <meta name='ocr-capabilities' content='ocr_page ocr_carea ocr_par ocr_line ocrx_word'/>
</head>
<body>
  <div class='ocr_page' id='page_1' title='image "./operaomnia02juvegoog_0304.png"; bbox 0 0 2992 4859; ppageno 0'>
   <div class='ocr_carea' id='block_1_1' title="bbox 448 321 1867 400">
    <p class='ocr_par' dir='ltr' id='par_1_1' title="bbox 448 321 1867 400">
     <span class='ocr_line' id='line_1_1' title="bbox 448 321 1867 400; baseline -0.001 -12"><span class='ocrx_word' id='word_1_1' title='bbox 448 321 535 389; x_wconf 78' lang='grc'><strong>18</strong></span> <span class='ocrx_word' id='word_1_2' title='bbox 1200 338 1321 388; x_wconf 50' lang='lat' dir='ltr'><strong>‘nn</strong></span> <span class='ocrx_word' id='word_1_3' title='bbox 1368 335 1614 387; x_wconf 67' lang='lat' dir='ltr'><strong>nasu</strong></span> <span class='ocrx_word' id='word_1_4' title='bbox 1664 334 1867 400; x_wconf 66' lang='lat' dir='ltr'><strong>vri-A,</strong></span> 
     </span>
    </p>
   </div>
   <div class='ocr_carea' id='block_1_2' title="bbox 451 472 2685 3710">
    <p class='ocr_par' dir='ltr' id='par_1_2' title="bbox 451 472 2650 977">
     <span class='ocr_line' id='line_1_2' title="bbox 453 472 2644 573; baseline -0.003 -17"><span class='ocrx_word' id='word_1_5' title='bbox 453 508 584 573; x_wconf 71' lang='lat' dir='ltr'><strong>que</strong></span> <span class='ocrx_word' id='word_1_6' title='bbox 608 486 905 557; x_wconf 59' lang='lat' dir='ltr'><strong>locorum</strong></span> <span class='ocrx_word' id='word_1_7' title='bbox 921 486 1170 555; x_wconf 83' lang='lat' dir='ltr'><strong>ratione</strong></span> <span class='ocrx_word' id='word_1_8' title='bbox 1191 508 1236 554; x_wconf 90' lang='lat' dir='ltr'><strong>a</strong></span> <span class='ocrx_word' id='word_1_9' title='bbox 1264 508 1336 554; x_wconf 88' lang='lat' dir='ltr'><strong>se</strong></span> <span class='ocrx_word' id='word_1_10' title='bbox 1356 480 1546 573; x_wconf 78' lang='lat' dir='ltr'><strong>longe</strong></span> <span class='ocrx_word' id='word_1_11' title='bbox 1566 490 1813 557; x_wconf 78' lang='lat' dir='ltr'><strong>diversi</strong></span> <span class='ocrx_word' id='word_1_12' title='bbox 1834 490 1903 554; x_wconf 89' lang='lat' dir='ltr'><strong>in</strong></span> <span class='ocrx_word' id='word_1_13' title='bbox 1921 487 2154 554; x_wconf 90' lang='lat' dir='ltr'><strong>eadem</strong></span> <span class='ocrx_word' id='word_1_14' title='bbox 2184 494 2368 570; x_wconf 79' lang='lat' dir='ltr'><strong>sae&#39;pe</strong></span> <span class='ocrx_word' id='word_1_15' title='bbox 2396 472 2644 551; x_wconf 66' lang='lat' dir='ltr'><strong>incideJ</strong></span> 
     </span>
     <span class='ocr_line' id='line_1_3' title="bbox 451 578 2646 674; baseline -0.004 -19"><span class='ocrx_word' id='word_1_16' title='bbox 451 591 599 666; x_wconf 86' lang='lat' dir='ltr'><strong>rint;</strong></span> <span class='ocrx_word' id='word_1_17' title='bbox 627 590 907 674; x_wconf 84' lang='lat' dir='ltr'><strong>parique</strong></span> <span class='ocrx_word' id='word_1_18' title='bbox 951 589 1150 654; x_wconf 87' lang='lat' dir='ltr'><strong>modo</strong></span> <span class='ocrx_word' id='word_1_19' title='bbox 1176 584 1416 655; x_wconf 78' lang='lat' dir='ltr'><strong>iisdem</strong></span> <span class='ocrx_word' id='word_1_20' title='bbox 1447 591 1640 655; x_wconf 88' lang='lat' dir='ltr'><strong>rebus</strong></span> <span class='ocrx_word' id='word_1_21' title='bbox 1693 590 1935 668; x_wconf 85' lang='lat' dir='ltr'><strong>affecti,</strong></span> <span class='ocrx_word' id='word_1_22' title='bbox 1981 588 2248 654; x_wconf 81' lang='lat' dir='ltr'><strong>easdem</strong></span> <span class='ocrx_word' id='word_1_23' title='bbox 2299 578 2646 669; x_wconf 63' lang='lat' dir='ltr'><strong>imagines,-</strong></span> 
     </span>
     <span class='ocr_line' id='line_1_4' title="bbox 455 685 2645 776; baseline -0.002 -22"><span class='ocrx_word' id='word_1_24' title='bbox 455 691 777 757; x_wconf 80' lang='lat' dir='ltr'><strong>dictione&#39;s</strong></span> <span class='ocrx_word' id='word_1_25' title='bbox 803 696 872 755; x_wconf 90' lang='lat' dir='ltr'><strong>et</strong></span> <span class='ocrx_word' id='word_1_26' title='bbox 921 691 1125 755; x_wconf 77' lang='lat' dir='ltr'><strong>verba</strong></span> <span class='ocrx_word' id='word_1_27' title='bbox 1187 691 1625 769; x_wconf 79' lang='lat' dir='ltr'><strong>adhibuerint,</strong></span> <span class='ocrx_word' id='word_1_28' title='bbox 1673 691 2037 776; x_wconf 77' lang='lat' dir='ltr'><strong>praesertim</strong></span> <span class='ocrx_word' id='word_1_29' title='bbox 2083 692 2145 755; x_wconf 87' lang='lat' dir='ltr'><strong>si</strong></span> <span class='ocrx_word' id='word_1_30' title='bbox 2195 699 2279 754; x_wconf 85' lang='lat' dir='ltr'><strong>ea</strong></span> <span class='ocrx_word' id='word_1_31' title='bbox 2318 685 2645 772; x_wconf 87' lang='lat' dir='ltr'><strong>ejusmodi</strong></span> 
     </span>
     <span class='ocr_line' id='line_1_5' title="bbox 460 784 2650 873; baseline -0.002 -17"><span class='ocrx_word' id='word_1_32' title='bbox 460 793 617 869; x_wconf 85' lang='lat' dir='ltr'><strong>sint,</strong></span> <span class='ocrx_word' id='word_1_33' title='bbox 634 797 711 857; x_wconf 89' lang='lat' dir='ltr'><strong>ut</strong></span> <span class='ocrx_word' id='word_1_34' title='bbox 736 811 870 857; x_wconf 92' lang='lat' dir='ltr'><strong>non</strong></span> <span class='ocrx_word' id='word_1_35' title='bbox 895 810 1122 856; x_wconf 88' lang='lat' dir='ltr'><strong>reeens</strong></span> <span class='ocrx_word' id='word_1_36' title='bbox 1171 810 1342 857; x_wconf 86' lang='lat' dir='ltr'><strong>cusa</strong></span> <span class='ocrx_word' id='word_1_37' title='bbox 1368 791 1490 856; x_wconf 86' lang='lat' dir='ltr'><strong>sed</strong></span> <span class='ocrx_word' id='word_1_38' title='bbox 1519 784 1990 856; x_wconf 82' lang='lat' dir='ltr'><strong>consuetudine</strong></span> <span class='ocrx_word' id='word_1_39' title='bbox 2013 791 2330 856; x_wconf 89' lang='lat' dir='ltr'><strong>sermonis</strong></span> <span class='ocrx_word' id='word_1_40' title='bbox 2363 789 2510 873; x_wconf 85' lang='lat' dir='ltr'><strong>jam</strong></span> <span class='ocrx_word' id='word_1_41' title='bbox 2546 804 2650 850; x_wconf 81' lang='lat' dir='ltr'><strong>re·-</strong></span> 
     </span>
     <span class='ocr_line' id='line_1_6' title="bbox 462 891 1991 977; baseline -0.003 -18"><span class='ocrx_word' id='word_1_42' title='bbox 462 900 659 976; x_wconf 87' lang='lat' dir='ltr'><strong>eepta</strong></span> <span class='ocrx_word' id='word_1_43' title='bbox 687 898 755 958; x_wconf 91' lang='lat' dir='ltr'><strong>et</strong></span> <span class='ocrx_word' id='word_1_44' title='bbox 793 895 865 957; x_wconf 91' lang='lat' dir='ltr'><strong>in</strong></span> <span class='ocrx_word' id='word_1_45' title='bbox 889 891 1113 958; x_wconf 81' lang='lat' dir='ltr'><strong>medio</strong></span> <span class='ocrx_word' id='word_1_46' title='bbox 1138 894 1361 977; x_wconf 85' lang='lat' dir='ltr'><strong>posita</strong></span> <span class='ocrx_word' id='word_1_47' title='bbox 1386 892 1600 957; x_wconf 86' lang='lat' dir='ltr'><strong>fuisse</strong></span> <span class='ocrx_word' id='word_1_48' title='bbox 1625 892 1991 958; x_wconf 81' lang='lat' dir='ltr'><strong>videantur.</strong></span> 
     </span>
    </p>

    <p class='ocr_par' dir='ltr' id='par_1_3' title="bbox 458 986 2674 2902">
     <span class='ocr_line' id='line_1_7' title="bbox 544 986 2650 1080; baseline -0.004 -19"><span class='ocrx_word' id='word_1_49' title='bbox 544 995 819 1073; x_wconf 88' lang='lat' dir='ltr'><strong>Verum,</strong></span> <span class='ocrx_word' id='word_1_50' title='bbox 849 994 1096 1080; x_wconf 86' lang='lat' dir='ltr'><strong>inquis,</strong></span> <span class='ocrx_word' id='word_1_51' title='bbox 1125 996 1253 1059; x_wconf 88' lang='lat' dir='ltr'><strong>iste</strong></span> <span class='ocrx_word' id='word_1_52' title='bbox 1277 994 1487 1079; x_wconf 79' lang='lat' dir='ltr'><strong>po‘eta</strong></span> <span class='ocrx_word' id='word_1_53' title='bbox 1511 992 1649 1060; x_wconf 87' lang='lat' dir='ltr'><strong>tam</strong></span> <span class='ocrx_word' id='word_1_54' title='bbox 1674 993 1864 1078; x_wconf 79' lang='lat' dir='ltr'><strong>longe</strong></span> <span class='ocrx_word' id='word_1_55' title='bbox 1905 996 1995 1060; x_wconf 88' lang='lat' dir='ltr'><strong>ab</strong></span> <span class='ocrx_word' id='word_1_56' title='bbox 2023 1013 2128 1072; x_wconf 87' lang='lat' dir='ltr'><strong>ee,</strong></span> <span class='ocrx_word' id='word_1_57' title='bbox 2158 986 2354 1077; x_wconf 80' lang='lat' dir='ltr'><strong>quem</strong></span> <span class='ocrx_word' id='word_1_58' title='bbox 2383 996 2650 1058; x_wconf 88' lang='lat' dir='ltr'><strong>secutus</strong></span> 
     </span>
     <span class='ocr_line' id='line_1_8' title="bbox 458 1085 2654 1178; baseline -0.002 -17"><span class='ocrx_word' id='word_1_59' title='bbox 458 1096 697 1174; x_wconf 84' lang='lat' dir='ltr'><strong>fuerat,</strong></span> <span class='ocrx_word' id='word_1_60' title='bbox 758 1095 1050 1173; x_wconf 84' lang='lat' dir='ltr'><strong>relictus,</strong></span> <span class='ocrx_word' id='word_1_61' title='bbox 1110 1094 1182 1158; x_wconf 89' lang='lat' dir='ltr'><strong>in</strong></span> <span class='ocrx_word' id='word_1_62' title='bbox 1228 1113 1361 1178; x_wconf 92' lang='lat' dir='ltr'><strong>quo</strong></span> <span class='ocrx_word' id='word_1_63' title='bbox 1417 1099 1523 1159; x_wconf 89' lang='lat' dir='ltr'><strong>tot</strong></span> <span class='ocrx_word' id='word_1_64' title='bbox 1581 1099 1893 1178; x_wconf 81' lang='lat' dir='ltr'><strong>tantaque</strong></span> <span class='ocrx_word' id='word_1_65' title='bbox 1961 1093 2437 1172; x_wconf 67' lang='lat' dir='ltr'><strong>desiderantur,</strong></span> <span class='ocrx_word' id='word_1_66' title='bbox 2494 1085 2654 1157; x_wconf 81' lang='lat' dir='ltr'><strong>num</strong></span> 
     </span>
     <span class='ocr_line' id='line_1_9' title="bbox 463 1190 2654 1281; baseline -0.002 -19"><span class='ocrx_word' id='word_1_67' title='bbox 463 1197 699 1279; x_wconf 78' lang='lat' dir='ltr'><strong>dignus</strong></span> <span class='ocrx_word' id='word_1_68' title='bbox 724 1203 849 1274; x_wconf 84' lang='lat' dir='ltr'><strong>est,</strong></span> <span class='ocrx_word' id='word_1_69' title='bbox 877 1197 996 1279; x_wconf 88' lang='lat' dir='ltr'><strong>qui</strong></span> <span class='ocrx_word' id='word_1_70' title='bbox 1028 1195 1279 1278; x_wconf 84' lang='lat' dir='ltr'><strong>legatur</strong></span> <span class='ocrx_word' id='word_1_71' title='bbox 1294 1196 1327 1259; x_wconf 74' lang='lat' dir='ltr'><strong>‘l</strong></span> <span class='ocrx_word' id='word_1_72' title='bbox 1418 1195 1676 1279; x_wconf 85' lang='lat' dir='ltr'><strong>Utique</strong></span> <span class='ocrx_word' id='word_1_73' title='bbox 1717 1196 1956 1277; x_wconf 84' lang='lat' dir='ltr'><strong>dignus</strong></span> <span class='ocrx_word' id='word_1_74' title='bbox 1997 1202 2124 1274; x_wconf 88' lang='lat' dir='ltr'><strong>est,</strong></span> <span class='ocrx_word' id='word_1_75' title='bbox 2155 1201 2223 1261; x_wconf 89' lang='lat' dir='ltr'><strong>et</strong></span> <span class='ocrx_word' id='word_1_76' title='bbox 2251 1190 2654 1281; x_wconf 75' lang='lat' dir='ltr'><strong>voluptatem</strong></span> 
     </span>
     <span class='ocr_line' id='line_1_10' title="bbox 461 1295 2655 1381; baseline -0 -18"><span class='ocrx_word' id='word_1_77' title='bbox 461 1297 608 1381; x_wconf 85' lang='lat' dir='ltr'><strong>ejus</strong></span> <span class='ocrx_word' id='word_1_78' title='bbox 630 1298 834 1363; x_wconf 83' lang='lat' dir='ltr'><strong>iectio</strong></span> <span class='ocrx_word' id='word_1_79' title='bbox 864 1295 1322 1380; x_wconf 78' lang='lat' dir='ltr'><strong>suppeditabit</strong></span> <span class='ocrx_word' id='word_1_80' title='bbox 1336 1302 1412 1361; x_wconf 84' lang='lat' dir='ltr'><strong>&#39;et</strong></span> <span class='ocrx_word' id='word_1_81' title='bbox 1443 1297 1813 1361; x_wconf 84' lang='lat' dir='ltr'><strong>utilitatem.</strong></span> <span class='ocrx_word' id='word_1_82' title='bbox 1902 1296 2067 1361; x_wconf 85' lang='lat' dir='ltr'><strong>Sunt</strong></span> <span class='ocrx_word' id='word_1_83' title='bbox 2090 1297 2263 1361; x_wconf 88' lang='lat' dir='ltr'><strong>enim</strong></span> <span class='ocrx_word' id='word_1_84' title='bbox 2289 1298 2445 1361; x_wconf 87' lang='lat' dir='ltr'><strong>loca</strong></span> <span class='ocrx_word' id='word_1_85' title='bbox 2471 1308 2655 1380; x_wconf 65' lang='lat' dir='ltr'><strong>quae-³</strong></span> 
     </span>
     <span class='ocr_line' id='line_1_11' title="bbox 463 1397 2658 1477; baseline -0.002 -12"><span class='ocrx_word' id='word_1_86' title='bbox 463 1399 617 1465; x_wconf 83' lang='lat' dir='ltr'><strong>dam</strong></span> <span class='ocrx_word' id='word_1_87' title='bbox 664 1400 735 1463; x_wconf 90' lang='lat' dir='ltr'><strong>in</strong></span> <span class='ocrx_word' id='word_1_88' title='bbox 758 1398 911 1465; x_wconf 86' lang='lat' dir='ltr'><strong>&#39;illis</strong></span> <span class='ocrx_word' id='word_1_89' title='bbox 963 1398 1177 1462; x_wconf 84' lang='lat' dir='ltr'><strong>satiris</strong></span> <span class='ocrx_word' id='word_1_90' title='bbox 1226 1399 1391 1462; x_wconf 83' lang='lat' dir='ltr'><strong>satis</strong></span> <span class='ocrx_word' id='word_1_91' title='bbox 1436 1398 1606 1461; x_wconf 90' lang='lat' dir='ltr'><strong>bene</strong></span> <span class='ocrx_word' id='word_1_92' title='bbox 1650 1398 1963 1477; x_wconf 74' lang='lat' dir='ltr'><strong>tractata3</strong></span> <span class='ocrx_word' id='word_1_93' title='bbox 2031 1397 2277 1462; x_wconf 84' lang='lat' dir='ltr'><strong>incidet</strong></span> <span class='ocrx_word' id='word_1_94' title='bbox 2327 1397 2531 1461; x_wconf 88' lang='lat' dir='ltr'><strong>lector</strong></span> <span class='ocrx_word' id='word_1_95' title='bbox 2585 1398 2658 1461; x_wconf 86' lang='lat' dir='ltr'><strong>in</strong></span> 
     </span>
     <span class='ocr_line' id='line_1_12' title="bbox 467 1499 2661 1584; baseline -0.001 -19"><span class='ocrx_word' id='word_1_96' title='bbox 467 1500 787 1584; x_wconf 77' lang='lat' dir='ltr'><strong>imagines</strong></span> <span class='ocrx_word' id='word_1_97' title='bbox 809 1506 877 1565; x_wconf 91' lang='lat' dir='ltr'><strong>et</strong></span> <span class='ocrx_word' id='word_1_98' title='bbox 901 1499 1359 1564; x_wconf 82' lang='lat' dir='ltr'><strong>similitudines</strong></span> <span class='ocrx_word' id='word_1_99' title='bbox 1384 1518 1600 1565; x_wconf 79' lang='lat' dir='ltr'><strong>novas</strong></span> <span class='ocrx_word' id='word_1_100' title='bbox 1626 1505 1693 1564; x_wconf 89' lang='lat' dir='ltr'><strong>et</strong></span> <span class='ocrx_word' id='word_1_101' title='bbox 1717 1518 1849 1564; x_wconf 91' lang='lat' dir='ltr'><strong>non</strong></span> <span class='ocrx_word' id='word_1_102' title='bbox 1883 1500 2182 1583; x_wconf 80' lang='lat' dir='ltr'><strong>ineptas3</strong></span> <span class='ocrx_word' id='word_1_103' title='bbox 2227 1499 2661 1583; x_wconf 86' lang='lat' dir='ltr'><strong>deprehendet</strong></span> 
     </span>
     <span class='ocr_line' id='line_1_13' title="bbox 466 1600 2661 1682; baseline -0.001 -16"><span class='ocrx_word' id='word_1_104' title='bbox 466 1619 686 1667; x_wconf 87' lang='lat' dir='ltr'><strong>mores</strong></span> <span class='ocrx_word' id='word_1_105' title='bbox 730 1606 798 1665; x_wconf 92' lang='lat' dir='ltr'><strong>et</strong></span> <span class='ocrx_word' id='word_1_106' title='bbox 840 1600 1104 1682; x_wconf 82' lang='lat' dir='ltr'><strong>ingenia</strong></span> <span class='ocrx_word' id='word_1_107' title='bbox 1145 1600 1479 1664; x_wconf 88' lang='lat' dir='ltr'><strong>hominum</strong></span> <span class='ocrx_word' id='word_1_108' title='bbox 1535 1604 1844 1665; x_wconf 83' lang='lat' dir='ltr'><strong>accurate</strong></span> <span class='ocrx_word' id='word_1_109' title='bbox 1889 1600 2247 1682; x_wconf 76' lang='lat' dir='ltr'><strong>delineata3</strong></span> <span class='ocrx_word' id='word_1_110' title='bbox 2305 1601 2661 1665; x_wconf 79' lang='lat' dir='ltr'><strong>movebunt</strong></span> 
     </span>
     <span class='ocr_line' id='line_1_14' title="bbox 465 1700 2660 1785; baseline -0.001 -18"><span class='ocrx_word' id='word_1_111' title='bbox 465 1700 612 1785; x_wconf 86' lang='lat' dir='ltr'><strong>ejus</strong></span> <span class='ocrx_word' id='word_1_112' title='bbox 638 1703 928 1766; x_wconf 85' lang='lat' dir='ltr'><strong>animum</strong></span> <span class='ocrx_word' id='word_1_113' title='bbox 956 1701 1295 1766; x_wconf 74' lang='lat' dir='ltr'><strong>sententiae</strong></span> <span class='ocrx_word' id='word_1_114' title='bbox 1332 1700 1618 1765; x_wconf 80' lang='lat' dir='ltr'><strong>illustres</strong></span> <span class='ocrx_word' id='word_1_115' title='bbox 1659 1704 1728 1765; x_wconf 81' lang='lat' dir='ltr'><strong>&#39;et</strong></span> <span class='ocrx_word' id='word_1_116' title='bbox 1767 1721 2047 1784; x_wconf 83' lang='lat' dir='ltr'><strong>graves;</strong></span> <span class='ocrx_word' id='word_1_117' title='bbox 2091 1701 2512 1767; x_wconf 79' lang='lat' dir='ltr'><strong>ostenduntur</strong></span> <span class='ocrx_word' id='word_1_118' title='bbox 2551 1701 2660 1765; x_wconf 84' lang='lat' dir='ltr'><strong>hic</strong></span> 
     </span>
     <span class='ocr_line' id='line_1_15' title="bbox 464 1800 2660 1887; baseline -0.001 -19"><span class='ocrx_word' id='word_1_119' title='bbox 464 1809 532 1868; x_wconf 91' lang='lat' dir='ltr'><strong>et</strong></span> <span class='ocrx_word' id='word_1_120' title='bbox 563 1803 698 1868; x_wconf 90' lang='lat' dir='ltr'><strong>illic</strong></span> <span class='ocrx_word' id='word_1_121' title='bbox 738 1803 981 1886; x_wconf 82' lang='lat' dir='ltr'><strong>ingenii</strong></span> <span class='ocrx_word' id='word_1_122' title='bbox 1006 1801 1297 1882; x_wconf 68' lang='lat' dir='ltr'><strong>igniculi,</strong></span> <span class='ocrx_word' id='word_1_123' title='bbox 1333 1802 1448 1885; x_wconf 90' lang='lat' dir='ltr'><strong>qui</strong></span> <span class='ocrx_word' id='word_1_124' title='bbox 1475 1800 1870 1867; x_wconf 87' lang='lat' dir='ltr'><strong>desiderium</strong></span> <span class='ocrx_word' id='word_1_125' title='bbox 1914 1803 2350 1869; x_wconf 86' lang='lat' dir='ltr'><strong>adolescentis</strong></span> <span class='ocrx_word' id='word_1_126' title='bbox 2377 1821 2660 1887; x_wconf 82' lang='lat' dir='ltr'><strong>praema-</strong></span> 
     </span>
     <span class='ocr_line' id='line_1_16' title="bbox 468 1902 2666 1988; baseline -0.001 -17"><span class='ocrx_word' id='word_1_127' title='bbox 468 1910 616 1971; x_wconf 83' lang='lat' dir='ltr'><strong>tura</strong></span> <span class='ocrx_word' id='word_1_128' title='bbox 642 1910 851 1970; x_wconf 89' lang='lat' dir='ltr'><strong>morte</strong></span> <span class='ocrx_word' id='word_1_129' title='bbox 875 1905 1081 1988; x_wconf 87' lang='lat' dir='ltr'><strong>erepti</strong></span> <span class='ocrx_word' id='word_1_130' title='bbox 1107 1903 1515 1968; x_wconf 83' lang='lat' dir='ltr'><strong>excitabunt.</strong></span> <span class='ocrx_word' id='word_1_131' title='bbox 1603 1902 1894 1988; x_wconf 85' lang='lat' dir='ltr'><strong>Ipseque</strong></span> <span class='ocrx_word' id='word_1_132' title='bbox 1938 1905 2204 1969; x_wconf 82' lang='lat' dir='ltr'><strong>virtutis</strong></span> <span class='ocrx_word' id='word_1_133' title='bbox 2241 1902 2427 1969; x_wconf 84' lang='lat' dir='ltr'><strong>amor</strong></span> <span class='ocrx_word' id='word_1_134' title='bbox 2451 1902 2666 1988; x_wconf 85' lang='lat' dir='ltr'><strong>pieta-</strong></span> 
     </span>
     <span class='ocr_line' id='line_1_17' title="bbox 467 2005 2664 2090; baseline -0.002 -16"><span class='ocrx_word' id='word_1_135' title='bbox 467 2008 690 2090; x_wconf 82' lang='lat' dir='ltr'><strong>tisque</strong></span> <span class='ocrx_word' id='word_1_136' title='bbox 738 2025 996 2083; x_wconf 89' lang='lat' dir='ltr'><strong>sensus,</strong></span> <span class='ocrx_word' id='word_1_137' title='bbox 1069 2006 1188 2089; x_wconf 90' lang='lat' dir='ltr'><strong>qui</strong></span> <span class='ocrx_word' id='word_1_138' title='bbox 1232 2005 1476 2088; x_wconf 88' lang='lat' dir='ltr'><strong>ubique</strong></span> <span class='ocrx_word' id='word_1_139' title='bbox 1534 2006 1916 2086; x_wconf 69' lang='lat' dir='ltr'><strong>ostenditur,</strong></span> <span class='ocrx_word' id='word_1_140' title='bbox 1964 2006 2222 2084; x_wconf 84' lang='lat' dir='ltr'><strong>efficiet,</strong></span> <span class='ocrx_word' id='word_1_141' title='bbox 2291 2011 2369 2070; x_wconf 89' lang='lat' dir='ltr'><strong>ut</strong></span> <span class='ocrx_word' id='word_1_142' title='bbox 2430 2011 2664 2071; x_wconf 80' lang='lat' dir='ltr'><strong>auctor</strong></span> 
     </span>
     <span class='ocr_line' id='line_1_18' title="bbox 469 2106 2665 2193; baseline -0.001 -20"><span class='ocrx_word' id='word_1_143' title='bbox 469 2108 663 2174; x_wconf 87' lang='lat' dir='ltr'><strong>nobis</strong></span> <span class='ocrx_word' id='word_1_144' title='bbox 707 2109 1043 2193; x_wconf 86' lang='lat' dir='ltr'><strong>probetur,</strong></span> <span class='ocrx_word' id='word_1_145' title='bbox 1083 2108 1346 2171; x_wconf 84' lang='lat' dir='ltr'><strong>etiamsi</strong></span> <span class='ocrx_word' id='word_1_146' title='bbox 1389 2106 1704 2172; x_wconf 77' lang='lat' dir='ltr'><strong>facultate</strong></span> <span class='ocrx_word' id='word_1_147' title='bbox 1752 2108 2025 2191; x_wconf 69' lang='lat' dir='ltr'><strong>poetica</strong></span> <span class='ocrx_word' id='word_1_148' title='bbox 2065 2109 2285 2171; x_wconf 89' lang='lat' dir='ltr'><strong>minus</strong></span> <span class='ocrx_word' id='word_1_149' title='bbox 2327 2107 2523 2172; x_wconf 88' lang='lat' dir='ltr'><strong>fuerit</strong></span> <span class='ocrx_word' id='word_1_150' title='bbox 2563 2109 2665 2171; x_wconf 90' lang='lat' dir='ltr'><strong>in-</strong></span> 
     </span>
     <span class='ocr_line' id='line_1_19' title="bbox 473 2206 2669 2288; baseline -0 -15"><span class='ocrx_word' id='word_1_151' title='bbox 473 2213 779 2273; x_wconf 82' lang='lat' dir='ltr'><strong>structus.</strong></span> <span class='ocrx_word' id='word_1_152' title='bbox 867 2206 973 2272; x_wconf 86' lang='lat' dir='ltr'><strong>Ac</strong></span> <span class='ocrx_word' id='word_1_153' title='bbox 1004 2224 1156 2272; x_wconf 88' lang='lat' dir='ltr'><strong>cum</strong></span> <span class='ocrx_word' id='word_1_154' title='bbox 1204 2206 1492 2288; x_wconf 78' lang='lat' dir='ltr'><strong>Virgilio</strong></span> <span class='ocrx_word' id='word_1_155' title='bbox 1536 2209 1709 2273; x_wconf 88' lang='lat' dir='ltr'><strong>lecto</strong></span> <span class='ocrx_word' id='word_1_156' title='bbox 1736 2228 1857 2273; x_wconf 89' lang='lat' dir='ltr'><strong>nec</strong></span> <span class='ocrx_word' id='word_1_157' title='bbox 1885 2208 2228 2272; x_wconf 88' lang='lat' dir='ltr'><strong>Lucanum</strong></span> <span class='ocrx_word' id='word_1_158' title='bbox 2256 2227 2382 2273; x_wconf 89' lang='lat' dir='ltr'><strong>nec</strong></span> <span class='ocrx_word' id='word_1_159' title='bbox 2426 2209 2669 2274; x_wconf 85' lang='lat' dir='ltr'><strong>Silium</strong></span> 
     </span>
     <span class='ocr_line' id='line_1_20' title="bbox 470 2306 2670 2392; baseline 0.002 -20"><span class='ocrx_word' id='word_1_160' title='bbox 470 2327 594 2373; x_wconf 88' lang='lat' dir='ltr'><strong>nec</strong></span> <span class='ocrx_word' id='word_1_161' title='bbox 621 2308 906 2372; x_wconf 76' lang='lat' dir='ltr'><strong>Statium</strong></span> <span class='ocrx_word' id='word_1_162' title='bbox 932 2306 1372 2386; x_wconf 76' lang='lat' dir='ltr'><strong>fastidiamuS,</strong></span> <span class='ocrx_word' id='word_1_163' title='bbox 1402 2327 1518 2373; x_wconf 87' lang='lat' dir='ltr'><strong>cur</strong></span> <span class='ocrx_word' id='word_1_164' title='bbox 1547 2307 1849 2373; x_wconf 87' lang='lat' dir='ltr'><strong>Persium</strong></span> <span class='ocrx_word' id='word_1_165' title='bbox 1893 2310 2296 2392; x_wconf 82' lang='lat' dir='ltr'><strong>negligamus</strong></span> <span class='ocrx_word' id='word_1_166' title='bbox 2322 2309 2670 2376; x_wconf 88' lang='lat' dir='ltr'><strong>Venusina</strong></span> 
     </span>
     <span class='ocr_line' id='line_1_21' title="bbox 478 2408 2674 2496; baseline 0.001 -22"><span class='ocrx_word' id='word_1_167' title='bbox 478 2408 683 2474; x_wconf 83' lang='lat' dir='ltr'><strong>Musa</strong></span> <span class='ocrx_word' id='word_1_168' title='bbox 711 2408 1050 2490; x_wconf 83' lang='lat' dir='ltr'><strong>delectati3</strong></span> <span class='ocrx_word' id='word_1_169' title='bbox 1078 2410 1220 2494; x_wconf 87' lang='lat' dir='ltr'><strong>qui,</strong></span> <span class='ocrx_word' id='word_1_170' title='bbox 1247 2430 1397 2476; x_wconf 91' lang='lat' dir='ltr'><strong>meo</strong></span> <span class='ocrx_word' id='word_1_171' title='bbox 1424 2410 1689 2496; x_wconf 89' lang='lat' dir='ltr'><strong>quidem</strong></span> <span class='ocrx_word' id='word_1_172' title='bbox 1717 2430 1938 2490; x_wconf 87' lang='lat' dir='ltr'><strong>sensu,</strong></span> <span class='ocrx_word' id='word_1_173' title='bbox 1955 2411 2263 2477; x_wconf 88' lang='lat' dir='ltr'><strong>lectorem</strong></span> <span class='ocrx_word' id='word_1_174' title='bbox 2285 2414 2371 2477; x_wconf 91' lang='lat' dir='ltr'><strong>ab</strong></span> <span class='ocrx_word' id='word_1_175' title='bbox 2400 2411 2674 2478; x_wconf 88' lang='lat' dir='ltr'><strong>Horatii</strong></span> 
     </span>
     <span class='ocr_line' id='line_1_22' title="bbox 472 2512 2671 2598; baseline 0.001 -19"><span class='ocrx_word' id='word_1_176' title='bbox 472 2513 749 2579; x_wconf 87' lang='lat' dir='ltr'><strong>lectione</strong></span> <span class='ocrx_word' id='word_1_177' title='bbox 791 2519 1114 2578; x_wconf 86' lang='lat' dir='ltr'><strong>recentem</strong></span> <span class='ocrx_word' id='word_1_178' title='bbox 1161 2514 1374 2596; x_wconf 74' lang='lat' dir='ltr'><strong>magis</strong></span> <span class='ocrx_word' id='word_1_179' title='bbox 1419 2513 1799 2591; x_wconf 87' lang='lat' dir='ltr'><strong>delectabit,</strong></span> <span class='ocrx_word' id='word_1_180' title='bbox 1849 2532 2054 2597; x_wconf 87' lang='lat' dir='ltr'><strong>quam</strong></span> <span class='ocrx_word' id='word_1_181' title='bbox 2104 2512 2357 2578; x_wconf 86' lang='lat' dir='ltr'><strong>Statius</strong></span> <span class='ocrx_word' id='word_1_182' title='bbox 2404 2513 2671 2598; x_wconf 84' lang='lat' dir='ltr'><strong>placere</strong></span> 
     </span>
     <span class='ocr_line' id='line_1_23' title="bbox 476 2614 2670 2699; baseline 0 -18"><span class='ocrx_word' id='word_1_183' title='bbox 476 2615 717 2699; x_wconf 84' lang='lat' dir='ltr'><strong>possit,</strong></span> <span class='ocrx_word' id='word_1_184' title='bbox 763 2624 915 2679; x_wconf 88' lang='lat' dir='ltr'><strong>cum</strong></span> <span class='ocrx_word' id='word_1_185' title='bbox 956 2614 1240 2698; x_wconf 81' lang='lat' dir='ltr'><strong>Virgilio</strong></span> <span class='ocrx_word' id='word_1_186' title='bbox 1285 2615 1595 2698; x_wconf 87' lang='lat' dir='ltr'><strong>deposito</strong></span> <span class='ocrx_word' id='word_1_187' title='bbox 1653 2614 1878 2680; x_wconf 82' lang='lat' dir='ltr'><strong>statim</strong></span> <span class='ocrx_word' id='word_1_188' title='bbox 1931 2616 2020 2680; x_wconf 88' lang='lat' dir='ltr'><strong>ad</strong></span> <span class='ocrx_word' id='word_1_189' title='bbox 2075 2635 2224 2680; x_wconf 88' lang='lat' dir='ltr'><strong>eum</strong></span> <span class='ocrx_word' id='word_1_190' title='bbox 2281 2617 2670 2682; x_wconf 86' lang='lat' dir='ltr'><strong>accesseris.</strong></span> 
     </span>
     <span class='ocr_line' id='line_1_24' title="bbox 482 2714 2672 2800; baseline 0 -19"><span class='ocrx_word' id='word_1_191' title='bbox 482 2714 787 2782; x_wconf 84' lang='lat' dir='ltr'><strong>Ceterum</strong></span> <span class='ocrx_word' id='word_1_192' title='bbox 823 2717 1232 2800; x_wconf 66' lang='lat' dir='ltr'><strong>antiquitatis</strong></span> <span class='ocrx_word' id='word_1_193' title='bbox 1275 2716 1596 2782; x_wconf 75' lang='lat' dir='ltr'><strong>studiosis</strong></span> <span class='ocrx_word' id='word_1_194' title='bbox 1623 2717 1839 2782; x_wconf 90' lang='lat' dir='ltr'><strong>Persii</strong></span> <span class='ocrx_word' id='word_1_195' title='bbox 1876 2716 2222 2782; x_wconf 85' lang='lat' dir='ltr'><strong>lectionem</strong></span> <span class='ocrx_word' id='word_1_196' title='bbox 2262 2715 2672 2783; x_wconf 80' lang='lat' dir='ltr'><strong>fructuosam</strong></span> 
     </span>
     <span class='ocr_line' id='line_1_25' title="bbox 478 2817 2086 2902; baseline -0.002 -19"><span class='ocrx_word' id='word_1_197' title='bbox 478 2835 653 2895; x_wconf 76' lang='lat' dir='ltr'><strong>esse,</strong></span> <span class='ocrx_word' id='word_1_198' title='bbox 683 2817 991 2902; x_wconf 87' lang='lat' dir='ltr'><strong>equidem</strong></span> <span class='ocrx_word' id='word_1_199' title='bbox 1016 2819 1134 2882; x_wconf 80' lang='lat' dir='ltr'><strong>vix</strong></span> <span class='ocrx_word' id='word_1_200' title='bbox 1158 2818 1553 2884; x_wconf 87' lang='lat' dir='ltr'><strong>monendum</strong></span> <span class='ocrx_word' id='word_1_201' title='bbox 1580 2820 1726 2883; x_wconf 87' lang='lat' dir='ltr'><strong>esse</strong></span> <span class='ocrx_word' id='word_1_202' title='bbox 1753 2819 2086 2883; x_wconf 85' lang='lat' dir='ltr'><strong>existimo.</strong></span> 
     </span>
    </p>

    <p class='ocr_par' dir='ltr' id='par_1_4' title="bbox 478 2916 2685 3710">
     <span class='ocr_line' id='line_1_26' title="bbox 565 2916 2675 3006; baseline 0.001 -23"><span class='ocrx_word' id='word_1_203' title='bbox 565 2917 817 3002; x_wconf 81' lang='lat' dir='ltr'><strong>Magno</strong></span> <span class='ocrx_word' id='word_1_204' title='bbox 874 2918 1116 3002; x_wconf 89' lang='lat' dir='ltr'><strong>plausu</strong></span> <span class='ocrx_word' id='word_1_205' title='bbox 1171 2920 1371 2983; x_wconf 87' lang='lat' dir='ltr'><strong>etiam</strong></span> <span class='ocrx_word' id='word_1_206' title='bbox 1424 2920 1664 2983; x_wconf 77' lang='lat' dir='ltr'><strong>satiras</strong></span> <span class='ocrx_word' id='word_1_207' title='bbox 1710 2917 1923 2982; x_wconf 90' lang='lat' dir='ltr'><strong>editas</strong></span> <span class='ocrx_word' id='word_1_208' title='bbox 1966 2916 2308 2983; x_wconf 84' lang='lat' dir='ltr'><strong>confestim</strong></span> <span class='ocrx_word' id='word_1_209' title='bbox 2353 2925 2675 3006; x_wconf 80' lang='lat' dir='ltr'><strong>exceptas</strong></span> 
     </span>
     <span class='ocr_line' id='line_1_27' title="bbox 479 3016 2674 3105; baseline 0.001 -22"><span class='ocrx_word' id='word_1_210' title='bbox 479 3037 654 3096; x_wconf 86' lang='lat' dir='ltr'><strong>esse,</strong></span> <span class='ocrx_word' id='word_1_211' title='bbox 679 3019 1017 3082; x_wconf 70' lang='lat' dir='ltr'><strong>memoriae</strong></span> <span class='ocrx_word' id='word_1_212' title='bbox 1041 3017 1335 3101; x_wconf 84' lang='lat' dir='ltr'><strong>prodidit</strong></span> <span class='ocrx_word' id='word_1_213' title='bbox 1371 3018 1530 3082; x_wconf 81' lang='lat' dir='ltr'><strong>vitae</strong></span> <span class='ocrx_word' id='word_1_214' title='bbox 1562 3016 1776 3080; x_wconf 88' lang='lat' dir='ltr'><strong>Persii</strong></span> <span class='ocrx_word' id='word_1_215' title='bbox 1804 3020 2113 3095; x_wconf 83' lang='lat' dir='ltr'><strong>auctor,¹⁹</strong></span> <span class='ocrx_word' id='word_1_216' title='bbox 2156 3017 2459 3105; x_wconf 85' lang='lat' dir='ltr'><strong>ideinque</strong></span> <span class='ocrx_word' id='word_1_217' title='bbox 2489 3020 2674 3086; x_wconf 82' lang='lat' dir='ltr'><strong>Mar-</strong></span> 
     </span>
     <span class='ocr_line' id='line_1_28' title="bbox 479 3116 2676 3206; baseline 0.002 -24"><span class='ocrx_word' id='word_1_218' title='bbox 479 3118 659 3183; x_wconf 79' lang='lat' dir='ltr'><strong>tialis</strong></span> <span class='ocrx_word' id='word_1_219' title='bbox 703 3122 981 3182; x_wconf 88' lang='lat' dir='ltr'><strong>testatur</strong></span> <span class='ocrx_word' id='word_1_220' title='bbox 1023 3122 1092 3181; x_wconf 91' lang='lat' dir='ltr'><strong>et</strong></span> <span class='ocrx_word' id='word_1_221' title='bbox 1133 3116 1602 3196; x_wconf 80' lang='lat' dir='ltr'><strong>Quintilianus,</strong></span> <span class='ocrx_word' id='word_1_222' title='bbox 1631 3118 2065 3203; x_wconf 82' lang='lat' dir='ltr'><strong>patribusque</strong></span> <span class='ocrx_word' id='word_1_223' title='bbox 2092 3122 2396 3186; x_wconf 82' lang='lat' dir='ltr'><strong>eeclesiae</strong></span> <span class='ocrx_word' id='word_1_224' title='bbox 2438 3123 2676 3206; x_wconf 85' lang='lat' dir='ltr'><strong>proba·</strong></span> 
     </span>
     <span class='ocr_line' id='line_1_29' title="bbox 478 3218 2678 3308; baseline 0.001 -23"><span class='ocrx_word' id='word_1_225' title='bbox 478 3224 622 3285; x_wconf 89' lang='lat' dir='ltr'><strong>tum</strong></span> <span class='ocrx_word' id='word_1_226' title='bbox 663 3219 849 3284; x_wconf 88' lang='lat' dir='ltr'><strong>illum</strong></span> <span class='ocrx_word' id='word_1_227' title='bbox 888 3218 1098 3287; x_wconf 86' lang='lat' dir='ltr'><strong>fuisse</strong></span> <span class='ocrx_word' id='word_1_228' title='bbox 1126 3219 1425 3284; x_wconf 82' lang='lat' dir='ltr'><strong>indicant</strong></span> <span class='ocrx_word' id='word_1_229' title='bbox 1450 3221 1626 3297; x_wconf 86' lang='lat' dir='ltr'><strong>loca,</strong></span> <span class='ocrx_word' id='word_1_230' title='bbox 1658 3240 1814 3304; x_wconf 83' lang='lat' dir='ltr'><strong>quae</strong></span> <span class='ocrx_word' id='word_1_231' title='bbox 1842 3223 2100 3305; x_wconf 88' lang='lat' dir='ltr'><strong>passim</strong></span> <span class='ocrx_word' id='word_1_232' title='bbox 2136 3243 2224 3287; x_wconf 86' lang='lat' dir='ltr'><strong>ex</strong></span> <span class='ocrx_word' id='word_1_233' title='bbox 2255 3223 2493 3290; x_wconf 89' lang='lat' dir='ltr'><strong>Persio</strong></span> <span class='ocrx_word' id='word_1_234' title='bbox 2518 3244 2678 3308; x_wconf 91' lang='lat' dir='ltr'><strong>pro-</strong></span> 
     </span>
     <span class='ocr_line' id='line_1_30' title="bbox 484 3319 2678 3406; baseline 0.002 -21"><span class='ocrx_word' id='word_1_235' title='bbox 484 3319 846 3385; x_wconf 80' lang='lat' dir='ltr'><strong>tulerunt.²0</strong></span> <span class='ocrx_word' id='word_1_236' title='bbox 924 3319 1187 3389; x_wconf 79' lang='lat' dir='ltr'><strong>Etenim</strong></span> <span class='ocrx_word' id='word_1_237' title='bbox 1217 3321 1321 3387; x_wconf 88' lang='lat' dir='ltr'><strong>vel</strong></span> <span class='ocrx_word' id='word_1_238' title='bbox 1348 3341 1433 3386; x_wconf 88' lang='lat' dir='ltr'><strong>ea</strong></span> <span class='ocrx_word' id='word_1_239' title='bbox 1457 3321 1633 3406; x_wconf 80' lang='lat' dir='ltr'><strong>ipsa,</strong></span> <span class='ocrx_word' id='word_1_240' title='bbox 1664 3343 1814 3406; x_wconf 82' lang='lat' dir='ltr'><strong>quae</strong></span> <span class='ocrx_word' id='word_1_241' title='bbox 1842 3342 2017 3387; x_wconf 90' lang='lat' dir='ltr'><strong>nunc</strong></span> <span class='ocrx_word' id='word_1_242' title='bbox 2046 3325 2482 3406; x_wconf 89' lang='lat' dir='ltr'><strong>scriptoribus</strong></span> <span class='ocrx_word' id='word_1_243' title='bbox 2512 3326 2678 3390; x_wconf 84' lang='lat' dir='ltr'><strong>vitio</strong></span> 
     </span>
     <span class='ocr_line' id='line_1_31' title="bbox 482 3421 2685 3510; baseline 0.003 -25"><span class='ocrx_word' id='word_1_244' title='bbox 482 3425 733 3486; x_wconf 80' lang='lat' dir='ltr'><strong>vertere</strong></span> <span class='ocrx_word' id='word_1_245' title='bbox 792 3421 943 3505; x_wconf 88' lang='lat' dir='ltr'><strong>jure</strong></span> <span class='ocrx_word' id='word_1_246' title='bbox 998 3422 1312 3500; x_wconf 88' lang='lat' dir='ltr'><strong>solemus,</strong></span> <span class='ocrx_word' id='word_1_247' title='bbox 1366 3423 1593 3489; x_wconf 89' lang='lat' dir='ltr'><strong>multis</strong></span> <span class='ocrx_word' id='word_1_248' title='bbox 1656 3431 1794 3488; x_wconf 87' lang='lat' dir='ltr'><strong>tum</strong></span> <span class='ocrx_word' id='word_1_249' title='bbox 1859 3425 2347 3508; x_wconf 84' lang='lat' dir='ltr'><strong>quodammodo</strong></span> <span class='ocrx_word' id='word_1_250' title='bbox 2399 3427 2685 3510; x_wconf 79' lang='lat' dir='ltr'><strong>probata</strong></span> 
     </span>
     <span class='ocr_line' id='line_1_32' title="bbox 486 3524 2679 3609; baseline 0.003 -23"><span class='ocrx_word' id='word_1_251' title='bbox 486 3528 693 3601; x_wconf 86' lang='lat' dir='ltr'><strong>erant,</strong></span> <span class='ocrx_word' id='word_1_252' title='bbox 721 3524 1179 3587; x_wconf 89' lang='lat' dir='ltr'><strong>sententiarum</strong></span> <span class='ocrx_word' id='word_1_253' title='bbox 1209 3526 1511 3607; x_wconf 75' lang='lat' dir='ltr'><strong>argutiae,</strong></span> <span class='ocrx_word' id='word_1_254' title='bbox 1551 3526 1814 3591; x_wconf 89' lang='lat' dir='ltr'><strong>dicendi</strong></span> <span class='ocrx_word' id='word_1_255' title='bbox 1843 3546 2046 3609; x_wconf 87' lang='lat' dir='ltr'><strong>genus</strong></span> <span class='ocrx_word' id='word_1_256' title='bbox 2077 3528 2441 3605; x_wconf 89' lang='lat' dir='ltr'><strong>concisum,</strong></span> <span class='ocrx_word' id='word_1_257' title='bbox 2470 3533 2679 3592; x_wconf 75' lang='lat' dir='ltr'><strong>trans-</strong></span> 
     </span>
     <span class='ocr_line' id='line_1_33' title="bbox 481 3621 2675 3710; baseline 0.001 -24"><span class='ocrx_word' id='word_1_258' title='bbox 481 3621 765 3687; x_wconf 86' lang='lat' dir='ltr'><strong>lationes</strong></span> <span class='ocrx_word' id='word_1_259' title='bbox 795 3623 1085 3688; x_wconf 87' lang='lat' dir='ltr'><strong>audaces</strong></span> <span class='ocrx_word' id='word_1_260' title='bbox 1129 3630 1197 3689; x_wconf 91' lang='lat' dir='ltr'><strong>et</strong></span> <span class='ocrx_word' id='word_1_261' title='bbox 1237 3626 1612 3690; x_wconf 87' lang='lat' dir='ltr'><strong>obscuritas</strong></span> <span class='ocrx_word' id='word_1_262' title='bbox 1659 3627 1965 3710; x_wconf 75' lang='lat' dir='ltr'><strong>quaedam</strong></span> <span class='ocrx_word' id='word_1_263' title='bbox 2006 3629 2283 3692; x_wconf 89' lang='lat' dir='ltr'><strong>orationi</strong></span> <span class='ocrx_word' id='word_1_264' title='bbox 2331 3628 2675 3694; x_wconf 82' lang='lat' dir='ltr'><strong>inducta.²¹</strong></span> 
     </span>
    </p>
   </div>
   <div class='ocr_carea' id='block_1_3' title="bbox 489 3849 2685 4225">
    <p class='ocr_par' dir='ltr' id='par_1_5' title="bbox 489 3849 2685 4225">
     <span class='ocr_line' id='line_1_34' title="bbox 556 3849 2681 3920; baseline 0.004 -21"><span class='ocrx_word' id='word_1_265' title='bbox 556 3853 619 3900; x_wconf 79' lang='lat'><strong>19</strong></span> <span class='ocrx_word' id='word_1_266' title='bbox 651 3850 668 3879; x_wconf 90' lang='lat'>‘</span> <span class='ocrx_word' id='word_1_267' title='bbox 696 3849 906 3901; x_wconf 80' lang='lat' dir='ltr'><strong>Editum</strong></span> <span class='ocrx_word' id='word_1_268' title='bbox 951 3852 1135 3902; x_wconf 84' lang='lat' dir='ltr'><strong>librum</strong></span> <span class='ocrx_word' id='word_1_269' title='bbox 1173 3853 1417 3904; x_wconf 83' lang='lat' dir='ltr'><strong>continno</strong></span> <span class='ocrx_word' id='word_1_270' title='bbox 1454 3855 1549 3903; x_wconf 82' lang='lat' dir='ltr'><strong>mi·</strong></span> <span class='ocrx_word' id='word_1_271' title='bbox 1691 3858 1757 3904; x_wconf 70' lang='lat'><strong>20</strong></span> <span class='ocrx_word' id='word_1_272' title='bbox 1788 3856 1851 3904; x_wconf 86' lang='lat' dir='ltr'><strong>E.</strong></span> <span class='ocrx_word' id='word_1_273' title='bbox 1890 3871 1941 3920; x_wconf 79' lang='lat' dir='ltr'><strong>g.</strong></span> <span class='ocrx_word' id='word_1_274' title='bbox 1976 3856 2219 3906; x_wconf 76' lang='lat' dir='ltr'><strong>Lactant.</strong></span> <span class='ocrx_word' id='word_1_275' title='bbox 2242 3870 2332 3906; x_wconf 86' lang='lat' dir='ltr'><strong>m.</strong></span> <span class='ocrx_word' id='word_1_276' title='bbox 2355 3861 2435 3906; x_wconf 78' lang='lat'><strong>16.</strong></span> <span class='ocrx_word' id='word_1_277' title='bbox 2460 3861 2566 3916; x_wconf 78' lang='lat'>15.;</span> <span class='ocrx_word' id='word_1_278' title='bbox 2600 3871 2681 3907; x_wconf 81' lang='lat' dir='ltr'><strong>vr.</strong></span> 
     </span>
     <span class='ocr_line' id='line_1_35' title="bbox 492 3926 2602 3992; baseline 0 -15"><span class='ocrx_word' id='word_1_279' title='bbox 492 3926 595 3977; x_wconf 69' lang='lat' dir='ltr'><strong>uti</strong></span> <span class='ocrx_word' id='word_1_280' title='bbox 634 3926 865 3977; x_wconf 76' lang='lat' dir='ltr'><strong>beminen</strong></span> <span class='ocrx_word' id='word_1_281' title='bbox 897 3934 951 3977; x_wconf 81' lang='lat' dir='ltr'><strong>et</strong></span> <span class='ocrx_word' id='word_1_282' title='bbox 987 3927 1217 3991; x_wconf 79' lang='lat' dir='ltr'><strong>diripere</strong></span> <span class='ocrx_word' id='word_1_283' title='bbox 1240 3930 1547 3992; x_wconf 65' lang='lat' dir='ltr'><strong>eoepernnt!</strong></span> <span class='ocrx_word' id='word_1_284' title='bbox 1627 3934 1677 3979; x_wconf 79' lang='lat'><strong>2.</strong></span> <span class='ocrx_word' id='word_1_285' title='bbox 1700 3934 1778 3979; x_wconf 89' lang='lat'><strong>11.</strong></span> <span class='ocrx_word' id='word_1_286' title='bbox 1843 3928 2119 3992; x_wconf 72' lang='lat' dir='ltr'><strong>Angustia.</strong></span> <span class='ocrx_word' id='word_1_287' title='bbox 2143 3932 2211 3980; x_wconf 88' lang='lat' dir='ltr'><strong>de</strong></span> <span class='ocrx_word' id='word_1_288' title='bbox 2230 3931 2347 3980; x_wconf 83' lang='lat' dir='ltr'><strong>Oiv.</strong></span> <span class='ocrx_word' id='word_1_289' title='bbox 2373 3931 2444 3979; x_wconf 88' lang='lat' dir='ltr'><strong>D.</strong></span> <span class='ocrx_word' id='word_1_290' title='bbox 2469 3944 2530 3981; x_wconf 86' lang='lat' dir='ltr'><strong>u.</strong></span> <span class='ocrx_word' id='word_1_291' title='bbox 2553 3934 2602 3979; x_wconf 82' lang='grc'><strong>7.</strong></span> 
     </span>
     <span class='ocr_line' id='line_1_36' title="bbox 492 4001 2682 4069; baseline 0.001 -16"><span class='ocrx_word' id='word_1_292' title='bbox 492 4001 568 4053; x_wconf 76' lang='lat' dir='ltr'><strong>Et</strong></span> <span class='ocrx_word' id='word_1_293' title='bbox 585 4004 739 4067; x_wconf 75' lang='lat' dir='ltr'><strong>paulo</strong></span> <span class='ocrx_word' id='word_1_294' title='bbox 761 4018 939 4068; x_wconf 75' lang='lat' dir='ltr'><strong>supra:</strong></span> <span class='ocrx_word' id='word_1_295' title='bbox 964 4005 980 4033; x_wconf 89' lang='lat'>‘</span> <span class='ocrx_word' id='word_1_296' title='bbox 1003 4003 1108 4053; x_wconf 87' lang='lat' dir='ltr'><strong>Sed</strong></span> <span class='ocrx_word' id='word_1_297' title='bbox 1142 4003 1382 4054; x_wconf 74' lang='lat' dir='ltr'><strong>Lucanus</strong></span> <span class='ocrx_word' id='word_1_298' title='bbox 1414 4006 1546 4055; x_wconf 77' lang='lat' dir='ltr'><strong>adeo</strong></span> <span class='ocrx_word' id='word_1_299' title='bbox 1695 4009 1754 4055; x_wconf 80' lang='lat'><strong>21</strong></span> <span class='ocrx_word' id='word_1_300' title='bbox 1792 4006 2014 4057; x_wconf 79' lang='lat' dir='ltr'><strong>Quintil.</strong></span> <span class='ocrx_word' id='word_1_301' title='bbox 2037 4006 2199 4057; x_wconf 71' lang='lat' dir='ltr'><strong>instit.</strong></span> <span class='ocrx_word' id='word_1_302' title='bbox 2222 4019 2344 4054; x_wconf 75' lang='lat' dir='ltr'><strong>viu.</strong></span> <span class='ocrx_word' id='word_1_303' title='bbox 2361 4010 2410 4054; x_wconf 85' lang='lat'><strong>2.</strong></span> <span class='ocrx_word' id='word_1_304' title='bbox 2431 4004 2447 4032; x_wconf 85' lang='lat'>‘</span> <span class='ocrx_word' id='word_1_305' title='bbox 2469 4003 2546 4054; x_wconf 76' lang='lat' dir='ltr'><strong>At</strong></span> <span class='ocrx_word' id='word_1_306' title='bbox 2563 4020 2682 4069; x_wconf 85' lang='lat' dir='ltr'><strong>per·</strong></span> 
     </span>
     <span class='ocr_line' id='line_1_37' title="bbox 493 4077 2685 4146; baseline 0.002 -20"><span class='ocrx_word' id='word_1_307' title='bbox 493 4077 779 4128; x_wconf 75' lang='lat' dir='ltr'><strong>mirabatur</strong></span> <span class='ocrx_word' id='word_1_308' title='bbox 798 4079 994 4144; x_wconf 75' lang='lat' dir='ltr'><strong>scripta</strong></span> <span class='ocrx_word' id='word_1_309' title='bbox 1014 4080 1207 4144; x_wconf 78' lang='lat' dir='ltr'><strong>Flacci,</strong></span> <span class='ocrx_word' id='word_1_310' title='bbox 1232 4085 1293 4129; x_wconf 86' lang='lat' dir='ltr'><strong>ut</strong></span> <span class='ocrx_word' id='word_1_311' title='bbox 1312 4080 1400 4130; x_wconf 77' lang='lat' dir='ltr'><strong>vix</strong></span> <span class='ocrx_word' id='word_1_312' title='bbox 1423 4081 1550 4133; x_wconf 82' lang='lat' dir='ltr'><strong>reti·</strong></span> <span class='ocrx_word' id='word_1_313' title='bbox 1630 4081 1763 4131; x_wconf 69' lang='lat' dir='ltr'><strong>vnit</strong></span> <span class='ocrx_word' id='word_1_314' title='bbox 1780 4081 1986 4146; x_wconf 83' lang='lat' dir='ltr'><strong>quidem</strong></span> <span class='ocrx_word' id='word_1_315' title='bbox 2001 4081 2112 4145; x_wconf 72' lang='lat' dir='ltr'><strong>jam</strong></span> <span class='ocrx_word' id='word_1_316' title='bbox 2135 4081 2319 4130; x_wconf 83' lang='lat' dir='ltr'><strong>multos</strong></span> <span class='ocrx_word' id='word_1_317' title='bbox 2346 4080 2448 4133; x_wconf 73' lang='lat' dir='ltr'><strong>ista</strong></span> <span class='ocrx_word' id='word_1_318' title='bbox 2475 4095 2685 4144; x_wconf 76' lang='lat' dir='ltr'><strong>persua-</strong></span> 
     </span>
     <span class='ocr_line' id='line_1_38' title="bbox 489 4156 2684 4225; baseline 0.004 -23"><span class='ocrx_word' id='word_1_319' title='bbox 489 4160 640 4205; x_wconf 81' lang='lat' dir='ltr'><strong>neret</strong></span> <span class='ocrx_word' id='word_1_320' title='bbox 658 4170 734 4221; x_wconf 69' lang='lat' dir='ltr'><strong>ue,</strong></span> <span class='ocrx_word' id='word_1_321' title='bbox 752 4156 842 4206; x_wconf 87' lang='lat' dir='ltr'><strong>illo</strong></span> <span class='ocrx_word' id='word_1_322' title='bbox 862 4156 1136 4222; x_wconf 75' lang='lat' dir='ltr'><strong>recitante,</strong></span> <span class='ocrx_word' id='word_1_323' title='bbox 1153 4172 1187 4208; x_wconf 74' lang='lat' dir='ltr'><strong>a</strong></span> <span class='ocrx_word' id='word_1_324' title='bbox 1207 4157 1462 4208; x_wconf 61' lang='lat' dir='ltr'><strong>clamore:</strong></span> <span class='ocrx_word' id='word_1_325' title='bbox 1630 4158 1724 4225; x_wconf 77' lang='lat' dir='ltr'><strong>sio,</strong></span> <span class='ocrx_word' id='word_1_326' title='bbox 1744 4167 1800 4209; x_wconf 79' lang='lat' dir='ltr'><strong>ut</strong></span> <span class='ocrx_word' id='word_1_327' title='bbox 1818 4158 1994 4221; x_wconf 82' lang='lat' dir='ltr'><strong>idjam</strong></span> <span class='ocrx_word' id='word_1_328' title='bbox 2015 4158 2220 4208; x_wconf 85' lang='lat' dir='ltr'><strong>demum</strong></span> <span class='ocrx_word' id='word_1_329' title='bbox 2238 4158 2506 4225; x_wconf 70' lang='lat' dir='ltr'><strong>eleganter</strong></span> <span class='ocrx_word' id='word_1_330' title='bbox 2525 4166 2684 4224; x_wconf 72' lang='lat' dir='ltr'><strong>atque</strong></span> 
     </span>
    </p>
   </div>
  </div>
 </body>
</html>
