2992 4859
463 357 635 426 1210

459 516 659 578 labore
682 534 754 574 ac
774 514 980 590 taedio,
1024 534 1295 594 expressa
1335 526 1490 585 sunt,
1532 536 1599 576 ea
1629 515 1795 590 plane
1836 512 1955 574 fide
1982 521 2042 574 et
2068 512 2365 592 religione,
2409 523 2475 573 ut
2503 529 2658 592 quo·

460 609 781 671 dammodo
825 611 1143 674 verendum
1184 613 1355 671 uobis
1404 612 1650 681 videam,
1697 613 1771 669 ne
1814 610 2205 688 superstitioni
2248 611 2509 688 plerique
2550 621 2657 670 ant

461 707 844 785 negligentiae,
872 708 1136 767 nonnulli
1163 709 1337 769 etiam
1366 708 1668 787 imperitiae
1694 706 2007 777 ascribant,
2047 707 2207 784 quod
2235 707 2445 766 veteris
2471 706 2661 784 scrip-

462 814 607 864 turae
634 803 771 862 vitia
801 804 1090 863 interdum
1118 803 1361 864 retinere
1391 804 1713 873 maluimus,
1744 821 1922 880 quam
1952 801 2311 879 conjecturis
2330 802 2662 880 exingenio

462 899 812 971 emendare,'
851 910 969 959 cet.
1052 901 1258 960 Simile
1300 910 1664 977 rectumque,
1708 899 1933 976 opinor,
1966 898 2259 973 judicium
2295 897 2378 956 ,de
2408 896 2664 957 Scholis's

460 994 575 1054 illis
602 995 702 1055 alii
729 1016 969 1073 quoque
999 996 1181 1056 tulere
1224 997 1328 1056 viri
1354 996 1536 1065 docti,
1579 1017 1634 1054 v.
1664 1016 1719 1055 c.
1751 995 2096 1065 Henninius,
2141 994 2242 1072 qui
2273 1012 2388 1051 uon
2416 993 2565 1052 male
2591 1012 2665 1054 ea

469 1090 735 1150 Veterum
764 1091 1001 1152 Scholia
1040 1092 1238 1152 vocari
1272 1092 1548 1168 jubebat,
1591 1102 1655 1152 et
1682 1090 1927 1159 Ernesti,
1976 1090 2079 1166 qui
2109 1090 2181 1148 ad
2228 1089 2474 1149 Fabricii
2504 1088 2662 1150 Bibl.

464 1186 593 1246 Lat.
622 1188 697 1247 T.
730 1204 807 1248 ιι.
837 1208 897 1266 p.
931 1188 1069 1251 360.
1099 1191 1225 1249 haec
1253 1189 1588 1248 annotavit:
1634 1196 1651 1222 ⁶
1678 1188 1814 1246 Non
1843 1186 2011 1244 unius
2040 1185 2300 1244 auctoris
2327 1205 2478 1256 esse,
2520 1205 2659 1264 qua:

462 1283 529 1342 P.
559 1283 824 1344 Pithoeus
865 1285 977 1342 sub
1017 1287 1228 1344 veteris
1257 1283 1604 1345 Scholiastae
1645 1282 1877 1354 nomine
1906 1281 2183 1359 vulgavit,
2225 1281 2364 1341 satis
2392 1290 2486 1342 est
2524 1301 2663 1360 per·

461 1377 750 1457 spicuam.
842 1382 1000 1441 Ante
1054 1381 1347 1442 Pithoeum
1403 1379 1677 1459 quadam
1734 1378 2074 1457 vulgaverat
2120 1380 2233 1438 Ge.
2281 1377 2467 1448 Valla,
2523 1396 2662 1455 qum

462 1475 670 1535 Probo
724 1480 950 1537 auctori
1005 1477 1228 1538 tribuit.
1312 1478 1424 1539 Sed
1473 1477 1688 1537 Valerii
1736 1476 1935 1546 Probi,
1986 1474 2203 1552 Berytii
2252 1473 2662 1545 Grammatici,

1129 372 1519 424 Rsscnusus
1569 371 1995 424 Em‘rtonun

460 1591 587 1631 esse
616 1584 930 1652 nequeunt,
973 1593 1109 1652 qnae
1136 1575 1193 1634 in
1223 1573 1574 1653 quibusdam
1612 1583 1811 1652 aperte
1839 1572 2071 1649 sapiunt
2114 1589 2306 1630 aevum
2336 1571 2663 1647 Imperato-

383 1740 390 1749 ,
462 1687 589 1729 rum
644 1670 1146 1731 Christianorum.¹

529 1844 547 1871 ¹
584 1843 853 1909 Exempla,
905 1847 972 1896 ad
1027 1863 1144 1912 quae
1197 1848 1407 1899 Ernesti
1447 1862 1524 1897 re-

463 1918 653 1981 spexit,
678 1918 791 1982 jam
826 1922 1115 1974 excitarunt
1144 1924 1249 1974 alii.
1312 1925 1399 1974 Sic
1434 1924 1522 1973 Pi·

462 1994 646 2055 tineus,
703 1998 839 2060 qnod
878 2013 943 2046 ex
978 2000 1153 2050 verbis
1208 2001 1321 2064 ejus
1363 2013 1523 2064 supra

461 2069 703 2133 ascriptis
735 2073 973 2137 conjicio,
994 2076 1095 2126 huc
1118 2076 1353 2125 retulisse
1380 2075 1521 2125 vide-

462 2151 546 2194 tur
586 2147 828 2197 Scholia:
887 2155 935 2200 1.
979 2150 1044 2200 ad
1089 2152 1197 2206 Sat.
1242 2165 1360 2201 xlv.
1407 2155 1521 2202 102.

461 2223 477 2247 ‘
495 2221 1077 2286 Moyses,sacerdos,vel
1097 2242 1189 2277 rex
1203 2227 1317 2291 ejus
1334 2227 1525 2291 gentis,

461 2303 553 2346 aut
591 2298 753 2362 ipsius
798 2301 1006 2365 quidem
1053 2303 1312 2366 religionis
1353 2304 1526 2352 inven-

461 2383 573 2435 tor3
617 2367 1074 2440 cnjus'Cornelins
1114 2379 1272 2430 etiam
1315 2380 1525 2429 Tacitus

462 2449 730 2500 meminit!
792 2455 841 2501 2.
873 2452 940 2502 ad
962 2454 1067 2505 Sat.
1092 2467 1211 2505 xiv.
1232 2460 1313 2506 78.
1380 2457 1396 2486 ‘
1411 2470 1524 2519 pur-

460 2532 639 2591 temqioe
658 2529 898 2578 oudam
916 2529 1190 2581 bominum.
1256 2546 1370 2581 nam
1392 2532 1524 2582 anti-

462 2602 549 2667 qui
571 2602 786 2652 crucibus
804 2603 1067 2668 figebant.’
1120 2606 1202 2656 Ad
1228 2622 1342 2672 quae
1364 2607 1523 2657 verba

462 2677 694 2727 Pitboeus
737 2681 960 2730 contulit
1004 2680 1274 2738 Angustia.
1320 2684 1517 2735 Qumt.

462 2753 515 2802 in
568 2754 689 2804 Vet.
728 2755 955 2807 Testam.
1036 2759 1054 2785 ‘
1077 2756 1250 2808 Antea
1288 2759 1520 2809 homines

461 2829 600 2880 cruci
633 2829 938 2894 figebantur,
967 2833 1103 2899 quod
1136 2843 1317 2897 postea
1347 2833 1522 2885 edicto

461 2906 773 2968 prohibitum
797 2908 1007 2958 manetss
1077 2909 1194 2959 Hoc
1228 2924 1351 2960 vero
1383 2910 1525 2961 edic·

462 2989 571 3029 tum
585 2981 924 3032 Constantino
939 2984 1095 3033 tribui
1114 2992 1286 3034 monet
1306 3001 1338 3034 a
1350 2985 1524 3050 Scrip-

462 3055 658 3105 toribus
702 3055 946 3108 Historiae
989 3060 1294 3111 Ecclesiast.
1363 3066 1413 3112 8.
1456 3062 1523 3112 ad

460 3131 569 3181 Sat.
596 3145 720 3183 vm.
758 3138 870 3182 170.
935 3137 951 3162 ‘
972 3136 1180 3186 Rhenus
1213 3137 1351 3187 inter
1383 3136 1525 3188 Alla-

460 3209 716 3260 manniam
755 3216 813 3259 et
848 3210 1029 3261 Gallos
1069 3212 1282 3262 Oceano
1319 3211 1524 3264 influit!

531 3282 547 3330 i
585 3283 815 3333 Pitboeus
873 3286 1116 3350 ascripsit
1168 3288 1330 3339 verba
1365 3290 1523 3353 Spar·

488 3358 591 3408 tani
622 3359 718 3409 sub
745 3360 999 3411 Proculo:
1034 3365 1051 3390 ⁴
1073 3361 1403 3427 Alamannos,
1435 3366 1522 3430 qui

462 3441 586 3484 tunc
625 3434 792 3484 adhuc
831 3436 1078 3487 Germani
1115 3439 1521 3491 dicebantur!—

459 3508 580 3560 Alia
616 3511 905 3574 hujusmodi
939 3512 1148 3564 Scholia
1184 3516 1386 3565 notavit
1407 3517 1517 3580 jam

457 3585 842 3637 Schurzfleiscb.
887 3589 942 3639 in
991 3589 1236 3656 spicileg.
1281 3591 1522 3642 Animad-

460 3677 618 3713 versa.
642 3663 708 3713 ad
729 3664 915 3715 Juven.
936 3666 1069 3716 Satt.
1092 3678 1205 3718 xvl.
1238 3682 1290 3716 ν.
1311 3683 1358 3718 c.
1394 3668 1522 3717 illud

460 3741 523 3789 ad
547 3753 626 3791 ιι.
660 3744 741 3790 87.
768 3741 819 3789 in
853 3756 954 3806 quo
975 3755 1039 3790 ex
1073 3757 1169 3792 usn
1200 3743 1366 3793 :etatis
1388 3744 1522 3794 Con-

460 3816 668 3865 stantini
714 3815 790 3865 Μ.
835 3817 1067 3879 ωας-ἰείη·
1106 3819 1342 3869 ωσι-ἅν
1389 3820 1439 3870 h.
1473 3834 1521 3871 e.

458 3891 694 3952 militum,
711 3891 1060 3958 στρατηλάτης,
1089 3892 1523 3958 στρατοπεδάρχης,

458 3976 515 4018 ct
547 3968 650 4017 duo
671 3969 790 4030 alia,
823 3969 872 4017 in
904 3971 1090 4035 quibus
1112 3971 1404 4021 Diocletiani
1430 3986 1520 4036 μι-

455 4044 591 4094 ericii
611 4053 992 4106 memorantur:
1027 4059 1124 4096 nec
1140 4060 1240 4094 non
1258 4047 1323 4096 ad
1338 4046 1450 4096 Sat.
1465 4060 1518 4096 v,

461 4125 541 4171 17.
603 4122 619 4148 ‘
638 4119 796 4183 Apud
827 4119 1028 4171 veteres
1059 4123 1378 4171 accubitor-um
1398 4136 1519 4171 usus

459 4211 561 4248 non
589 4203 722 4260 erat,
754 4196 848 4248 sed
869 4196 923 4246 in
954 4196 1159 4248 lectulis
1188 4198 1524 4249 discunbentoe

1258 1673 1469 1750 Itaque
1521 1670 1739 1731 fuerint
1805 1668 2039 1728 alterius
2095 1666 2290 1736 Probi,
2360 1665 2665 1743 scriptoris

1600 1844 1998 1896 manducabant.
2062 1849 2169 1898 tres
2204 1847 2376 1891 autem
2400 1838 2583 1889 lectuli
2613 1854 2667 1890 e·

1601 1929 1735 1983 rant,
1768 1917 2038 1985 in'quibus
2064 1916 2483 1966 discumbebant:
2525 1915 2663 1965 unde

1599 1997 1748 2046 bodie
1771 1996 1982 2046 adelinia
2014 1993 2376 2060 appellantur!
2442 1989 2525 2041 Ad
2549 1992 2601 2041 b.
2627 1993 2667 2042 Ι.

1598 2069 1846 2122 Srburffi.
1900 2070 2014 2119 brec
2063 2068 2360 2118 annotavit:
2442 2068 2459 2096 ⁸
2494 2068 2667 2118 Vetus

1601 2148 1772 2198 Schol.
1811 2153 2008 2210 monet,
2046 2153 2249 2195 veteres
2288 2158 2390 2194 nou
2422 2143 2666 2198 habuisse

1600 2224 1811 2273 aceubitu
1831 2224 1884 2272 h.
1903 2237 1952 2272 e.
1969 2220 2208 2286 στρωμνὰς
2230 2219 2294 2269 eis
2314 2220 2425 2283 ὕψος
2443 2218 2665 2286 upa-bras,

1602 2298 1752 2348 sedes
1788 2298 1853 2347 ad
1889 2312 2132 2355 mensam,
2171 2296 2237 2346 ad
2277 2311 2429 2361 quam
2460 2310 2665 2346 accum-

1604 2373 1761 2432 bitur,
1782 2372 1873 2422 sed
1888 2372 2201 2444 discubuisse
2218 2372 2283 2421 ad
2297 2386 2517 2424 mensas.
2562 2371 2665 2422 His

1601 2450 1777 2500 verbis
1810 2455 1939 2514 puto
1972 2464 2137 2498 aevum
2169 2449 2327 2513 hujus
2358 2449 2668 2512 interpretis

1601 2526 1807 2590 sequius
1830 2524 2068 2587 indicari,
2098 2538 2198 2589 quo
2211 2525 2324 2588 jam
2348 2538 2468 2574 usus
2498 2524 2668 2575 incre-

1601 2601 1716 2652 buit
1746 2601 1811 2650 ad
1845 2613 2043 2649 mensas
2074 2598 2401 2649 considendi:
2436 2597 2490 2647 id
2525 2598 2665 2648 enim

1599 2676 1916 2741 significatur
1936 2675 2125 2738 verbis,
2156 2677 2276 2724 unde
2296 2675 2434 2723 hodie
2453 2675 2669 2724 triennia

1598 2755 1909 2818 appellantur,
1942 2766 2059 2802 cum
2094 2750 2354 2800 triclinium
2391 2750 2443 2798 in
2484 2750 2668 2813 glossis

1601 2829 1805 2880 biblicis
1840 2828 1979 2893 apud
2003 2825 2344 2878 Dufresninm
2374 2829 2668 2890 exponatur

1600 2911 1698 2956 tres
1748 2907 1935 2954 ordines
1985 2902 2200 2953 sedum!
2267 2900 2537 2965 Exemplis
2588 2901 2668 2952 his

1601 2982 1883 3048 adjicerem
1917 2981 2035 3044 alia,
2081 2981 2124 3029 si
2163 2995 2245 3029 res
2284 2979 2347 3028 iis
2385 2979 2668 3044 indigeret.

1605 3062 1724 3112 Non
1778 3072 1903 3109 vero
1958 3055 2193 3120 ejusdem
2252 3053 2494 3105 Auctoris
2548 3069 2665 3105 esse

1605 3136 1905 3186 Glossarum
1918 3132 2121 3181 illarum
2134 3129 2568 3194 compilationem,
2581 3130 2669 3179 alii

1602 3224 1805 3277 quoque
1820 3208 1941 3258 inde
1959 3206 2259 3272 probarunt,
2282 3206 2419 3271 quod
2437 3201 2672 3257 nonnun-

1602 3301 1755 3352 quam
1775 3285 1872 3336 sibi
1896 3277 2199 3350 repugnant,
2233 3299 2279 3333 v.
2303 3297 2348 3332 c.
2375 3283 2587 3333 Salmas.
2611 3283 2669 3333 in

1600 3364 1789 3413 Exere.
1825 3359 1962 3409 Plin.
1995 3373 2059 3407 ex
2086 3359 2256 3410 Schol.
2282 3357 2347 3406 ad
2379 3371 2456 3407 ιν.
2492 3363 2574 3408 88.
2610 3367 2668 3410 et

1600 3452 1701 3490 vn.
1729 3443 1809 3489 92.
1876 3435 2013 3486 Illud
2043 3443 2153 3485 est:
2188 3437 2204 3463 ⁸
2224 3435 2342 3485 Hoc
2375 3437 2665 3488 convicium

1598 3518 1652 3566 in
1676 3516 1753 3567 ΕΙ.
1771 3513 2137 3574 Domitianum,
2153 3512 2257 3562 ‘nti
2279 3510 2518 3575 fratrem,
2536 3515 2669 3564 Ves-

1599 3592 1794 3658 pasiani
1813 3589 1997 3652 filium,
2018 3589 2212 3652 jactat,
2235 3588 2324 3653 qui
2347 3590 2524 3640 calvus
2547 3589 2667 3654 fnit,

1599 3675 1661 3720 ut
1699 3665 1969 3717 Suetonius
2010 3662 2210 3714 refert:
2267 3673 2480 3728 propter
2523 3666 2662 3730 qnod

1600 3743 1870 3796 Juvenalis
1885 3742 1980 3791 snb
1994 3742 2165 3805 specie
2182 3740 2384 3791 honoris
2402 3742 2663 3806 relegatus

1600 3829 1683 3871 est
1729 3820 1796 3870 ad
1837 3817 2065 3869 cohortis
2104 3831 2279 3867 curam
2320 3816 2370 3866 in
2414 3816 2665 3882 AEgypto,

1602 3896 1796 3956 Hoasa,
1822 3894 1910 3944 ubi
1934 3901 2161 3944 mortuns
2183 3892 2300 3942 est?
2367 3893 2485 3944 Hoc
2507 3908 2663 3945 vero:

1596 3973 1894 4026 ‘Neronem
1925 3971 2199 4037 significat,
2231 3972 2321 4037 qui
2347 3972 2564 4023 scenicis
2594 3974 2664 4024 ob

1600 4057 1805 4114 turpem
1861 4047 2122 4099 libidinem
2184 4049 2296 4098 brec
2362 4047 2664 4112 petentibus

1598 4125 1903 4190 praestabat.
1991 4124 2214 4188 Propter
2267 4124 2400 4173 bunc
2455 4139 2661 4175 versum

1599 4202 1780 4253 missus
1802 4207 1884 4252 est
1916 4199 1970 4252 in
1990 4198 2227 4250 exsilium
2259 4214 2293 4250 a
2311 4198 2527 4252 Claudio
2555 4201 2662 4251 Ne·
