2992 4859
510 375 687 440 1206
1171 387 1556 438 aecensus
1603 386 2031 436 κυιτιοκυκ

1531 516 1705 580 1562.

589 619 897 681 Juvenum
922 624 980 677 et
1008 618 1277 687 Persius,
1303 614 1568 693 Lugduni
1594 614 1761 693 apud
1782 614 1882 674 Jo.
1913 612 2362 688 Fullonia—1
2378 622 2436 675 2.
2468 615 2643 677 1562.

594 716 806 794 Repet.
854 714 994 775 edit.
1046 714 1315 791 Lugdun.
1370 711 1544 773 1556.
1572 710 1732 789 quod
1779 709 2027 769 Sodales
2068 710 2362 787 Bipontini
2389 710 2605 770 docent
2633 731 2708 770 ex

509 811 737 890 Engelii
768 811 1048 870 Biblioth.
1077 810 1179 900 sel.
1207 829 1268 888 p.
1295 818 1391 869 40.
1420 809 1480 869 in
1501 828 1633 869 voc.
1666 806 1952 867 Catullus.
2025 839 2034 846 ·

1515 902 1689 965 1564.

589 999 624 1033 ⁴*
648 1007 730 1077 (n.
746 1006 886 1075 73.)
912 1003 1089 1062 Jmu’i
1115 1001 1420 1061 Juvenalis
1445 1007 1507 1060 et
1532 1001 1613 1060 Α.
1647 999 1854 1058 Persii
1880 995 2139 1074 Satyra,
2169 996 2706 1069 adnotatiunculis,

504 1114 639 1177 qnae
685 1097 872 1157 brevis
919 1099 1320 1158 commentarii
1365 1099 1484 1157 vice
1531 1114 1650 1155 esse
1688 1097 1948 1174 possint,
1996 1093 2344 1153 illustrata.
2428 1094 2706 1172 Lugduni

503 1192 670 1271 apud
691 1192 979 1253 Joannesn
1012 1192 1552 1256 Fullonium—12.
1592 1192 1761 1254 1564.

500 1337 509 1344 .
581 1289 649 1347 In
696 1288 845 1350 fine:
906 1298 923 1324 ⁴
952 1290 1218 1369 Lugduni
1260 1290 1599 1351 excudebat
1641 1292 2103 1371 symphorianus
2146 1285 2423 1348 Barbier:
2475 1284 2572 1345 Cf.
2616 1285 2696 1346 ad

500 1383 770 1464 Lugdun.
806 1383 995 1447 1556..
1440 1440 1448 1447 .

497 1531 507 1540 .
1521 1479 1696 1544 1565.

586 1575 619 1609 ⁴¹*
658 1576 1080 1639 Pulmanniana
1136 1599 1183 1639 s.
1226 1578 1583 1639 Flaminiana
1632 1596 1679 1640 1.
1724 1584 1811 1655 (n.
1860 1579 1988 1651 75.)
2035 1579 2126 1639 D.
2165 1574 2346 1636 «lunii
2390 1574 2701 1635 Juvenal&

500 1669 854 1750 satyrarum
892 1675 1071 1734 Libro·
1097 1691 1162 1736 v.
1194 1676 1268 1737 Α.
1298 1674 1499 1736 Persis·
1539 1676 1737 1736 Flacci
1777 1676 2129 1754 Satyrorum
2173 1673 2354 1733 Liber
2392 1688 2440 1731 1.
2474 1670 2695 1732 Theod-

494 1763 825 1830 Palmonns‘
849 1773 914 1830 s‘n
940 1772 1158 1832 eosdem
1183 1773 1613 1831 annotationes.
1693 1771 2031 1850 Antverpiae
2055 1790 2124 1829 ea·
2162 1766 2395 1851 officina
2426 1767 2692 1828 Christo-

486 1867 670 1948 plsori
700 1868 1125 1929 Plautini—s.
1161 1867 1337 1929 1565.

575 1963 973 2035 Pulmannns,
1017 1965 1383 2041 (Poelmann)
1424 1981 1559 2022 cum
1589 1982 1624 2021 a
1650 1961 1988 2041 pannificio,
2034 1961 2194 2041 quod
2241 1964 2490 2042 primum
2540 1959 2694 2020 didi-

489 2069 669 2130 cerat,
701 2063 775 2117 ad
806 2060 1178 2138 philologiam
1206 2058 1544 2130 transiisset,
1574 2059 1630 2117 in
1654 2058 1867 2118 multos
1900 2064 2187 2119 Auctores
2208 2059 2486 2118 classicos
2512 2067 2685 2117 notas

486 2155 735 2235 scripsit,
778 2157 833 2214 in
865 2157 1081 2233 quibus
1119 2166 1311 2215 tamen
1340 2173 1534 2234 pauca
1579 2164 1805 2215 tantum
1832 2175 1904 2215 ex
1945 2156 2129 2234 ipsius
2158 2155 2386 2233 ingenio
2413 2153 2684 2231 prosecta

490 2260 646 2322 sunt,
676 2262 736 2309 et
763 2251 955 2309 omnia
983 2251 1106 2310 fere
1133 2272 1205 2311 ex
1231 2251 1474 2310 aliorum
1501 2250 1694 2319 libris,'
1727 2251 2026 2329 praecipue
2053 2272 2124 2311 ex
2152 2252 2420 2311 Turnebi
2449 2251 2685 2311 Adver-

490 2345 673 2415 sariis,
716 2346 919 2424 petita.
1006 2346 1204 2423 Hujus
1251 2365 1490 2423 quoque
1539 2345 1763 2423 generis
1812 2355 1949 2404 sunt
1996 2345 2407 2406 adnotationes
2446 2348 2576 2423 ejus
2619 2348 2680 2409 in

486 2443 851 2511 Juvenalem‚
895 2433 968 2501 ad
997 2441 1215 2501 calcem
1255 2440 1428 2518 hujus
1453 2441 1551 2501 ed.
1589 2440 1848 2516 rejectae,
1889 2442 2098 2520 quibus
2122 2449 2176 2502 et
2217 2445 2682 2522 castigationum

484 2555 719 2596 suarum
743 2539 1029 2597 rationem
1051 2537 1274 2610 reddit,
1303 2544 1361 2597 et
1380 2537 1508 2597 loca
1535 2534 1874 2618 dffciliora
1893 2558 1923 2595 e
1940 2540 2184 2616 scriptis
2212 2538 2676 2600 doctissimorum

484 2632 780 2692 hominum
804 2634 1079 2712 explicat.
1159 2635 1380 2694 Praeter
1402 2633 1528 2692 illas
1557 2633 1615 2692 in
1645 2633 1899 2712 margine
1925 2634 2196 2712 leguntur
2223 2636 2461 2696 Scholia
2488 2635 2678 2695 Hadr.

482 2729 657 2800 Junii,
689 2730 912 2790 Medici
946 2740 1121 2808 atque
1147 2731 1440 2810 Philologi
1471 2729 1700 2800 Batavi,
1742 2737 1827 2806 (n.
1862 2737 2036 2789 1511.
2076 2741 2116 2804 τ
2140 2734 2337 2804 1575.)
2366 2733 2423 2790 in
2453 2732 2673 2810 quibus

481 2833 541 2883 e‘t
584 2826 753 2885 variae
781 2826 1084 2897 lectiones,
1130 2827 1231 2886 sed
1259 2827 1472 2905 simpl„
1515 2847 1631 2887 non
1659 2827 1974 2905 designatis
2002 2827 2205 2899 codd„
2252 2827 2355 2905 qui
2380 2845 2476 2886 eas
2516 2829 2680 2887 exhi-

484 2919 644 2992 bent,
689 2932 1077 2992 recensentur,
1124 2932 1185 2983 et
1229 2923 1357 2982 loca
1384 2923 1655 3001 quaedam
1699 2924 1951 2983 obscura
1990 2924 2216 3001 paucis,
2256 2936 2316 2984 at
2346 2943 2507 3002 saepe
2547 2943 2682 3003 per·

479 3035 703 3093 peram,
757 3018 1140 3095 explicantur.
1224 3018 1375 3078 Mira
1421 3030 1616 3078 autem
1664 3027 1755 3079 est
1802 3019 2111 3078 Pulmanui
2159 3019 2523 3098 negligentia,
2574 3022 2678 3099 qui

479 3111 797 3173 lectoribus
836 3133 1023 3192 neque
1050 3115 1347 3186 indicavit,
1389 3116 1699 3193 cujusnam
1740 3116 1854 3175 illae
1883 3116 1998 3175 sint
2034 3115 2263 3194 glossae,
2292 3135 2485 3194 neque
2511 3135 2673 3176 com-

478 3209 694 3286 pendia
733 3210 828 3268 illa
869 3211 1161 3271 literarum
1202 3212 1285 3273 N.
1302 3213 1388 3272 P.
1410 3212 1508 3273 M.
1529 3212 1605 3284 !.,
1649 3211 1864 3290 quibus
1910 3212 1970 3271 in
2015 3212 2514 3288 adnotationibus
2552 3213 2674 3273 suis

479 3306 565 3365 uti
593 3308 763 3378 solet,
788 3308 1098 3386 explicuit.
1181 3310 1274 3369 De
1304 3320 1555 3387 utroque
1586 3308 1711 3386 jam
1741 3307 2015 3367 certiores
2042 3327 2150 3367 nos
2177 3308 2316 3368 fecit
2345 3308 2671 3370 Henninius

475 3402 564 3462 his
592 3403 821 3464 verbis:
865 3413 882 3438 ‘
905 3405 1190 3467 Videntur
1216 3406 1385 3466 nobis
1414 3407 1528 3467 illae
1554 3407 1734 3466 literae
1762 3406 1987 3484 signare
2016 3404 2210 3464 Codd.
2243 3407 2405 3465 Mes·
2454 3408 2670 3466 Novio·

473 3519 818 3581 magensem‚
858 3502 1208 3575 Pulmanni,
1252 3504 1626 3585 Miggrods‘n‘,
1665 3501 1864 3574 Junii,
1895 3503 2109 3581 quibus
2137 3521 2197 3560 se
2226 3521 2392 3561 usum
2422 3503 2480 3561 in
2512 3503 2669 3562 1³1·ae-

471 3596 692 3656 fatioue
728 3608 819 3658 est
855 3609 1119 3660 testatus.
1204 3600 1439 3660 Scholia
1477 3613 1672 3660 autem
1715 3597 1903 3659 Hadr.
1929 3601 1965 3660 J
1973 3598 2112 3668 unii,
2154 3616 2400 3676 quorum
2444 3598 2664 3659 ibidem

470 3691 660 3770 injicit
687 3696 1055 3767 mentionem,
1096 3696 1241 3756 nulli
1268 3696 1626 3769 dubitamus,
1670 3697 1810 3775 quin
1839 3696 1954 3755 sint
1979 3696 2099 3768 illa,
2143 3713 2277 3774 quae
2304 3695 2662 3756 Pulmannus

466 3788 543 3848 ad
590 3791 903 3868 marginem
945 3791 1085 3851 edit.
1115 3793 1494 3853 plantinianae
1535 3792 1778 3870 adjecit,
1823 3812 1957 3852 cum
2003 3792 2060 3851 in
2105 3792 2225 3851 vita
2269 3791 2452 3849 Hadr.
2481 3792 2658 3863 Iunii,

466 3897 601 3962 quae
636 3884 776 3963 ‘ejus
830 3887 1128 3965 Epistolis
1172 3887 1512 3967 praefigitur,
1565 3887 1799 3947 dicatur
1842 3889 2144 3967 scripsisse
2189 3891 2252 3947 in
2296 3886 2657 3959 Juvenalem,

465 3981 626 4058 quod
668 3982 820 4041 iuter
862 3984 1098 4060 publico
1140 3985 1281 4044 data
1321 3985 1397 4044 ab
1445 4004 1518 4044 eo
1555 3994 1902 4043 recensetur.
1984 3985 2137 4043 Cum
2179 4002 2320 4042 vero
2366 3995 2656 4062 nusquam

461 4064 890 4138 miminerimus
918 4079 1040 4138 visa
1067 4080 1234 4140 nobis
1263 4099 1334 4140 ea
1360 4081 1418 4139 in
1439 4080 1779 4141 ,Iuvenalem
1807 4099 1841 4139 a
1868 4080 2046 4138 Junio
2073 4080 2421 4157 conscripta,
2449 4097 2659 4157 quam-

463 4171 548 4232 vis
579 4172 884 4253 diligenter
909 4175 1395 4253 inquisiverimus,
1437 4176 1610 4237 facile
1638 4176 1927 4236 credimus
1954 4175 2048 4236 illa
2082 4178 2208 4255 ipsa
2230 4177 2389 4236 Junii
2417 4176 2656 4237 Scholia

462 4287 605 4341 esse,
649 4289 784 4348 quae
812 4271 1167 4333 Pulmannus
1190 4272 1267 4333 ad
1296 4274 1608 4353 marginem
1636 4274 1673 4334 J
1679 4272 1935 4332 uvenalis
1962 4270 2201 4349 adjecit,
2244 4273 2303 4333 id
2332 4272 2493 4352 quod
2524 4273 2652 4350 ipse
