2992 4859
525 374 698 441 1204
1192 383 1581 435 nncnusus
1627 383 2060 432 ammonem

522 543 640 592 tata
670 530 974 609 reperitur.
1034 527 1136 590 Cf.
1165 528 1241 588 ad
1270 527 1523 607 priorem
1553 527 1699 587 edit.
1728 546 1784 585 a.
1820 533 1997 592 1544.

604 630 829 687 Veneta
856 642 1060 687 xxxt.
1102 624 1421 694 «Iuvenalis,
1448 622 1972 690 venetiis—1549.

604 725 759 783 Tam
785 722 992 802 paucis
1022 721 1211 781 verbis
1238 720 1610 800 designatur
1593 739 1664 778 m·
1669 717 1934 778 ·.Henn.in
1966 714 2099 774 Ind-
2120 713 2288 773 editt.
2317 715 2352 773 J
2360 710 2643 772 uvenalis

1533 821 1709 874 1551.

606 917 637 950 ³*
677 918 707 950 ¹*
749 913 1110 974 Frobeniana
1135 917 1220 988 (n.
1253 914 1375 984 80.)
1423 913 1626 971 Persii
1655 909 1894 987 Satyroe
1920 927 2044 968 cum
2076 901 2717 972 Comm.Bad1·i‚Bri-

525 1011 774 1081 tanniei,
810 1010 1065 1078 Plautii,
1084 1008 1165 1067 al.
1244 1007 1550 1068 Juvenal&
1574 1025 1705 1066 cum
1731 1023 1929 1064 comm.
1947 1003 2051 1063 Jo.
2084 1001 2437 1061 Britannici
2463 1005 2521 1057 et
2547 998 2720 1058 sollo-

525 1108 629 1166 Itis
657 1104 827 1165 Coeeae‘i
854 1103 1108 1164 sannen
1151 1103 1447 1176 Curionis,
1492 1102 1734 1161 Basileae
1780 1099 1963 1179 apud.
1995 1099 2247 1162 Hieron.
2277 1096 2632 1158 Frobeninm
2659 1100 2720 1153 et

531 1202 729 1263 Nicol.
760 1201 1145 1279 Episcopimn
1157 1199 1330 1259 -·f01.
1367 1205 1541 1259 1551.

536 1337 547 1345 -
610 1296 815 1356 Multis
840 1295 989 1356 locis
1009 1296 1135 1354 Sat.
1167 1312 1217 1353 1.
1245 1304 1306 1354 et
1332 1311 1411 1353 11.
1444 1293 1662 1353 collata
1688 1313 1724 1352 a
1751 1291 1989 1352 Beckio.
2076 1288 2211 1349 vid.
2239 1287 2319 1348 ad
2346 1288 2634 1346 Venetam
2667 1300 2717 1343 1.

529 1402 590 1454 et
611 1393 794 1453 Paris.
830 1399 1007 1452 1528.
1089 1392 1267 1451 Nunc
1292 1390 1545 1468 primum
1590 1389 1751 1448 edita
1793 1397 1932 1447 sunt
1973 1388 2100 1446 haec
2149 1385 2380 1445 scholia
2425 1379 2720 1451 Curionis,

528 1489 818 1566 Theologi
857 1498 1034 1566 atque
1082 1486 1369 1565 philologi
1412 1486 1553 1546 olim
1599 1485 1908 1554 clarissimi,
1957 1483 2017 1541 in
2062 1502 2202 1560 agro
2244 1480 2632 1540 Taurinorum
2659 1497 2719 1536 a.

535 1591 711 1645 1503.
736 1583 874 1653 nati,
905 1584 1008 1661 qui
1032 1582 1286 1661 primum
1313 1582 1374 1640 in
1404 1581 1590 1649 Italia,
1621 1591 1681 1639 et
1721 1579 2083 1657 potissimum
2110 1577 2349 1656 quidem
2377 1573 2722 1643 Mediolani,

527 1681 744 1750 Ticini,
789 1679 1061 1750 venetiis,
1119 1678 1394 1738 Ferrariae
1444 1689 1504 1736 et
1559 1677 1799 1747 Luccae,
1866 1674 2079 1735 deinde
2134 1693 2289 1743 vero,
2365 1691 2499 1732 cum
2554 1669 2723 1730 lectis

534 1776 795 1855 Zwinglii
824 1774 1182 1852 Lutherique
1204 1775 1431 1852 scriptis
1458 1794 1494 1833 a
1522 1771 1835 1832 Pontificia
1869 1771 2214 1831 descivisset
2240 1769 2377 1838 fide,
2410 1763 2723 1843 multisque

530 1883 843 1951 propterea
888 1871 1054 1930 malis
1083 1881 1400 1949 urgeretur,
1447 1871 1504 1929 in
1537 1869 1799 1928 Helvetia
1820 1869 2069 1946 juvenen
2097 1865 2334 1944 publice
2363 1862 2589 1931 docuit,
2621 1861 2726 1920 ubi

536 1969 818 2028 Lausanae
847 1969 1067 2027 Rector
1094 1968 1361 2044 collegii,
1387 1977 1447 2026 et
1478 1965 1743 2035 Basileae,
1770 1966 1831 2022 in
1859 1983 1980 2042 quo
2001 1961 2219 2040 oppido
2247 1962 2322 2021 ab
2350 1980 2407 2020 a.
2445 1966 2616 2026 1547.
2646 1957 2725 2018 ad

541 2062 717 2134 1569.
747 2063 911 2133 vixit,
942 2064 1193 2141 primum
1224 2062 1510 2140 Magister
1535 2061 1857 2121 liberalium
1886 2059 2118 2130 artium,
2161 2077 2293 2117 mox
2326 2075 2463 2115 vero
2491 2054 2731 2114 Profes-

535 2179 631 2218 sor
655 2159 1007 2236 eloquentiae
1055 2168 1281 2217 creatus
1325 2168 1436 2219 est.
1522 2158 1757 2219 Scholia
1784 2156 1881 2214 illa
1925 2174 2119 2233 pauca
2166 2162 2385 2213 tantum
2427 2161 2487 2212 et
2532 2149 2730 2211 brevia

474 2321 483 2330 ⁸
537 2264 691 2325 sunt,
721 2254 826 2314 sed
849 2254 1062 2332 passim
1096 2254 1252 2312 bona
1279 2263 1341 2313 et
1370 2253 1550 2325 utilia,
1569 2273 1707 2330 quae
1731 2262 1922 2311 tamen
1952 2250 2136 2328 magis
2162 2247 2517 2319 Britannico,
2548 2265 2730 2325 quam

535 2356 730 2426 potitae
756 2349 1125 2428 profuerunt.
1208 2350 1275 2407 ln
1330 2347 1525 2408 fronte
1578 2358 1772 2407 autem
1828 2345 2005 2423 hujus
2033 2345 2177 2405 edit.
2225 2363 2375 2403 nova
2428 2342 2728 2413 dicuntur,

524 2443 813 2520 ‚quoniam
843 2443 957 2501 alia
988 2444 1117 2519 jam
1167 2444 1323 2520 prius
1368 2442 1698 2521 vulgaverat
1744 2440 1943 2512 Curio,
1971 2460 2156 2518 eaque
2205 2439 2557 2508 brevissima,
2589 2458 2729 2516 quae

537 2539 781 2616 margini
810 2538 1130 2598 editionum
1161 2540 1425 2610 Colinaei,
1456 2539 1714 2618 Gryphii
1742 2538 2107 2614 aliorumque
2135 2534 2375 2612 adjecta
2403 2541 2558 2593 sunt.
2585 2533 2729 2592 vid.

537 2635 613 2693 ad
636 2633 734 2693 ed.
764 2635 942 2693 Paris.
979 2641 1154 2695 1528.
1240 2636 1393 2703 Quae
1420 2645 1695 2712 praeterea
1743 2645 1877 2692 snat
1908 2633 2215 2701 monenda,
2256 2630 2386 2706 jam
2413 2630 2733 2706 occupavit

539 2729 863 2789 Herminius
892 2729 950 2787 in
994 2729 1168 2788 Praef.
1212 2729 1641 2789 commentariis
1692 2728 2010 2788 Britannici
2059 2726 2320 2804 praefixa,
2349 2727 2407 2784 in
2454 2745 2573 2805 qua
2598 2726 2730 2786 haec

535 2826 813 2904 leguntur
840 2825 1054 2885 verba:
1103 2832 1120 2859 ‘
1148 2826 1249 2885 Vir
1274 2826 1483 2885 doctus
1508 2826 1726 2886 Goelins
1775 2824 2083 2885 Secundus
2130 2824 2329 2894 Curio,
2355 2841 2496 2883 cnm
2538 2821 2734 2882 crede-

536 2931 647 2991 ret,
670 2921 1062 2983 Britannicum
1092 2940 1209 2980 non
1233 2940 1455 2998 semper
1472 2925 1669 3000 po‘e'toe
1694 2940 1921 2979 sensum
1957 2939 2075 2979 esee
2119 2924 2458 2987 assecutam,
2489 2918 2565 2977 ad
2595 2918 2732 2995 ejus

541 3017 975 3076 Commentaria
1018 3016 1241 3092 adjecit
1291 3015 1549 3086 Scholia,
1597 3036 1770 3096 eaque
1796 3016 1893 3076 edi
1918 3035 1990 3076 ac
2030 3014 2266 3094 publico
2320 3015 2735 3073 communicari

541 3112 729 3171 voluit
757 3118 978 3190 rog-atu
1006 3110 1283 3172 Frobenii
1309 3119 1366 3170 et
1412 3113 1739 3191 Episcopii,
1767 3113 2265 3190 typographorum
2317 3109 2569 3168 solertiae
2596 3112 2731 3187 plu-

539 3207 704 3265 rimae
731 3217 791 3266 et
842 3208 1109 3265 maximae
1160 3207 1531 3277 celebritatis,
1562 3217 1627 3267 ut
1649 3208 1798 3285 ipse-
1819 3206 2044 3266 indicat
2081 3207 2137 3266 in
2166 3207 2338 3284 epist.
2367 3205 2622 3265 dedicat.
2652 3204 2728 3264 ad

540 3301 800 3361 nobiliss.
843 3299 1271 3360 adolescentem
1305 3302 1526 3360 Abrab.
1560 3301 1789 3360 Sbaski.
1871 3302 2114 3361 Scholia
2144 3302 2270 3361 hoec
2302 3303 2359 3360 in
2390 3301 2578 3361 fronte
2603 3302 2735 3378 ejus
2803 3339 2828 3368 ,-

538 3397 674 3457 libri
715 3417 778 3455 se
810 3395 1044 3472 jactant
1070 3414 1236 3470 nova,
1265 3397 1472 3476 quibus
1520 3403 1644 3455 tum
1678 3398 2001 3474 praeterita
2040 3397 2115 3456 ab
2161 3398 2302 3457 aliie
2339 3399 2732 3477 explicantur,

544 3500 667 3552 tum
692 3483 1158 3551 male'intdlecta
1185 3495 1597 3573 corriguntur,
1628 3500 1752 3552 tum
1777 3495 1953 3552 etiam
1983 3492 2213 3562 Groeca,
2242 3494 2450 3572 quibus
2487 3493 2735 3554 Britan.-

540 3590 707 3648 πίσω
734 3590 797 3646 in
821 3586 1127 3646 ,luvenalis
1144 3591 1569 3647 commentariis
1595 3608 1737 3647 usas
1763 3596 1869 3658 est,
1898 3589 2362 3667 Latinorumque
2408 3589 2737 3651 Anterum

543 3681 676 3752 loci,
704 3701 834 3760 quae
861 3684 1048 3742 omnia
1087 3686 1258 3744 miris
1290 3683 1472 3744 modis
1512 3691 1794 3762 corrupta
1805 3683 2082 3760 fuerant,
2112 3687 2535 3744 restituuntur.
2618 3686 2738 3768 Ex7

544 3777 680 3836 inde
710 3778 908 3856 liquet,
941 3790 1221 3855 quantum
1270 3781 1378 3839 sibi
1416 3780 1568 3856 juris
1597 3780 1654 3838 in
1683 3781 1866 3838 aliena
1895 3780 2160 3840 tribuerit
2190 3780 2408 3848 Curio;
2453 3791 2735 3859 quantum

542 3892 576 3933 e
605 3874 837 3951 regione
885 3875 1000 3951 ipsi
1033 3874 1366 3936 Britannico
1396 3877 1745 3953 praestiterit.
1829 3879 1971 3936 Eam
2023 3876 2292 3938 Frobenii
2335 3875 2646 3938 editionem
2675 3879 2738 3939 in

541 3969 889 4028 recudendis
947 3970 1265 4030 Britannici
1317 3972 1785 4040 Commentariis,
1839 3982 1900 4031 ct
1947 3973 2218 4032 immixtis
2265 3973 2422 4034 hisce
2464 3974 2736 4046 Curionis

546 4064 820 4133 Scholiis,
846 4077 905 4121 ut
937 4063 1128 4136 video,
1159 4073 1300 4127 κατὰ
1328 4065 1476 4124 πόδα
1505 4078 1741 4126 secutus
1770 4078 1863 4127 est
1904 4068 2184 4129 Claudius
2235 4070 2514 4130 Metellus
2560 4080 2733 4148 typo·

476 4163 481 4172 '
546 4160 804 4238 graphus
834 4159 891 4252 in
920 4159 1064 4221 edit.
1113 4162 1297 4223 Paris.
1333 4160 1506 4223 1602.
1537 4171 1597 4222 4.
1680 4163 1852 4223 Hanc
1879 4175 1938 4225 et
1979 4169 2162 4226 nostri
2211 4165 2566 4245 typographi
2594 4175 2736 4244 aunt
