2992 4859
1186 319 1642 403 anvarnus.
2343 337 2518 410 1191

304 492 501 564 etiam,
551 513 694 572 quae
714 491 721 498 “
742 493 1048 573 praecipua
1094 492 1228 571 ejus
1278 495 1462 558 virtus
1507 503 1618 566 est,
1667 494 2091 557 mmsis-im
2143 495 2510 577 investigavit

300 599 559 650 mentem
590 590 1022 669 consiliumque
1048 597 1265 668 poetae,
1294 600 1355 650 et
1380 599 1504 650 tum
1534 610 1817 650 summam
1847 591 2109 669 cujusvis
2138 589 2350 666 satine,
2381 605 2510 655 tum

299 682 664 762 singularum
691 685 945 763 partium
992 685 1526 764 sententiarumque
1564 686 2018 764 copulationem,
2047 689 2165 748 vim
2194 690 2509 767 poeticam,

298 789 698 851 veritatatem,
727 781 984 854 facetias,
1011 802 1082 842 ac
1128 783 1329 854 salem,
1373 803 1581 862 magna
1626 783 1856 844 solertia
1893 793 2176 863 rectoque
2199 787 2506 865 elegantia

299 896 472 936 sensu
500 877 848 937 declaravit.
930 880 1103 938 Hanc
1130 879 1211 939 ob
1238 898 1477 939 causam
1525 880 1638 958 ipsi
1685 899 1921 957 quoque
1961 882 2256 958 Grangaeo
2297 881 2508 959 priese-

297 974 522 1033 rendus
546 974 806 1046 videtur,
852 975 955 1051 qui
995 975 1148 1036 varia
1188 974 1448 1053 quidem,
1475 974 1803 1048 recondita,
1831 986 1891 1037 et
1918 978 2206 1053 exquisita
2233 976 2507 1040 doctrina

296 1088 370 1128 eo
396 1070 670 1149 superior
696 1079 807 1142 est,
849 1071 953 1131 sed
992 1070 1230 1132 inferior
1277 1073 1428 1132 bene
1468 1076 1874 1150 accurateque'
1895 1073 2316 1152 interpretandi
2358 1085 2506 1136 arte.

302 1164 465 1226 Hine
494 1166 674 1225 etiam
705 1167 1157 1227 commentarius
1211 1167 1527 1227 Britannici
1569 1168 1781 1245 saepius
1807 1169 1916 1227 sub
1946 1170 2170 1247 prelum
2199 1179 2504 1230 revocatus

300 1271 409 1333 est,
436 1280 554 1322 nec
583 1261 843 1333 defuere,
872 1263 973 1341 qui
999 1283 1311 1342 suppresso
1338 1264 1445 1323 viri
1470 1264 1686 1343 egregii
1712 1265 1966 1336 nomine,
1998 1283 2132 1343 quoe
2159 1267 2254 1326 ille
2280 1267 2502 1345 primus

301 1356 657 1429 observavit,
699 1369 975 1437 tanquam
1015 1360 1105 1419 sui
1145 1359 1363 1438 ingenii
1396 1359 1572 1420 foetus
1598 1359 1984 1420 venditarent.
2063 1361 2276 1439 Neque
2304 1370 2501 1422 tamen

301 1451 551 1526 inficior,
582 1454 712 1531 ejus
752 1453 1083 1514 doctrinam
1124 1463 1191 1515 et
1227 1454 1759 1533 interpretationem
1787 1456 2002 1534 saepius
2029 1476 2156 1516 esse
2183 1457 2275 1516 vel
2302 1457 2497 1519 miuus

301 1559 663 1621 accuratam,
694 1550 786 1609 vel
822 1550 991 1609 nimis
1034 1558 1298 1628 argutam
1324 1558 1385 1609 et
1410 1549 1708 1622 subtilem,
1737 1552 2032 1628 copiosam
2062 1560 2124 1611 et
2149 1570 2504 1630 supervacu-

302 1663 417 1717 am,
445 1646 695 1705 alienam
739 1655 802 1705 et
847 1656 1197 1707 contortam.
1275 1647 1594 1707 Dedicavit
1637 1648 2051 1708 commentaria
2094 1668 2200 1708 sua
2246 1648 2496 1711 Senatui

292 1744 622 1824 populoque
653 1746 985 1806 Brixiam.-
1024 1746 1084 1806 in
1114 1765 1234 1825 qua
1259 1745 1506 1824 epistola
1531 1744 1756 1805 consilii
1779 1745 1870 1804 sui
1897 1764 2105 1805 causas
2126 1752 2185 1804 et
2211 1745 2498 1808 rationem

299 1840 377 1898 ita
401 1839 689 1919 exponit:
736 1849 755 1875 ‘
774 1843 811 1900 J
816 1842 1067 1903 uvenalis
1095 1844 1327 1922 Satyrus
1365 1842 1478 1902 etsi
1519 1843 1878 1922 temporibus
1905 1841 2116 1900 nostris
2138 1860 2173 1899 a
2200 1841 2496 1902 nonnullis

298 1935 421 1995 eliis
448 1937 681 2015 egregie
725 1937 968 1996 literatis
1019 1938 1604 2005 commentatoribus,
1652 1940 1743 1998 vel
1792 1957 1928 1998 cum
1976 1953 2187 2014 magna
2229 1936 2494 2015 ipsorum

299 2030 491 2105 lande,
521 2042 807 2093 enarrate
832 2031 1079 2103 fuerant,
1107 2032 1365 2110 aggressi
1392 2052 1623 2100 sumus;
1668 2033 1832 2111 q‘uod
1861 2034 2097 2092 omnino
2125 2031 2496 2093 animadver-

298 2136 567 2198 teremus,
598 2129 657 2186 in
686 2136 813 2187 toto
856 2147 1029 2206 opere
1057 2129 1244 2187 multa
1267 2127 1346 2186 ab
1373 2127 1464 2198 iis,
1494 2127 1615 2185 sive
1641 2128 1867 2187 incuria
1895 2129 2171 2203 quadam,
2201 2126 2318 2187 sive
2346 2145 2494 2188 con·

294 2224 447 2285 sulta
472 2245 673 2304 opera,
703 2225 997 2304 praeterita
1015 2244 1159 2296 esse,
1181 2224 1366 2303 quod,
1394 2243 1530 2301 quae
1551 2222 1662 2300 ipsi
1683 2223 1833 2282 forte
1855 2222 2258 2300 intelligerent,
2278 2224 2491 2284 eadem

292 2329 355 2380 et
376 2322 587 2381 ceteris
613 2322 923 2400 perspicua
950 2321 1386 2390 arbitrarentur,
1433 2319 1737 2395 multaque
1780 2319 1957 2377 etiam
1998 2320 2174 2397 longe
2201 2319 2366 2380 aliter
2388 2338 2492 2379 ex·

292 2419 506 2495 posita,
553 2437 731 2497 quam
785 2436 986 2477 sensus
1038 2415 1312 2476 Auctoris
1357 2423 1722 2493 exposceret.
1801 2416 2055 2493 Hocque
2094 2436 2166 2474 eo
2215 2415 2490 2477 libentius

291 2512 563 2585 fecimus,
612 2513 774 2591 quod
817 2513 853 2572 J
861 2512 1163 2572 uvenalem
1206 2530 1341 2571 eum
1389 2530 1518 2571 esse
1565 2511 1831 2571 novimus
1880 2519 2132 2589 poetam,
2161 2513 2283 2591 qni,
2311 2510 2488 2573 veluti

293 2607 526 2686 flagello
552 2619 733 2687 atque
776 2628 909 2672 ense
953 2607 1318 2687 peccantium
1366 2606 1508 2666 vitia
1552 2626 1921 2686 persequens,
1950 2607 2334 2668 saluberrimo
2361 2626 2490 2667 car·

295 2705 464 2765 minis
486 2706 578 2765 sui
607 2705 759 2785 stylo
804 2705 985 2765 docet
1010 2724 1047 2764 a
1073 2704 1279 2765 semita
1319 2703 1746 2782 turpitudinum
1772 2703 2184 2764 declinandum
2212 2703 2488 2764 honesta-

291 2809 529 2882 temque
568 2801 1149 2882 apprehendendam,
1193 2803 1274 2863 ita
1323 2810 1387 2862 ut
1413 2802 1472 2861 in
1518 2801 1738 2861 scholis
1779 2800 2043 2877 (quando
2089 2799 2488 2859 adolescentes

290 2899 529 2975 poetice
557 2899 893 2959 instituendi
937 2899 1073 2974 sint)
1117 2900 1262 2959 nibil
1308 2900 1426 2960 fere
1470 2898 1666 2958 utilius
1693 2896 2118 2958 fructuosiusve
2142 2896 2254 2974 legi
2282 2899 2484 2975 queat·
2613 2915 2620 2926 ‘

287 2993 336 3053 Ii
362 2995 520 3053 enim
552 2994 695 3054 mihi
733 3006 857 3054 tum
900 2994 1137 3055 demum
1177 2995 1570 3074 probatissimi
1598 2994 1866 3053 videntur
1891 2996 2202 3065 Auctores‚
2230 3009 2483 3070 quorum

287 3088 560 3151 doctrina
600 3111 719 3151 non
765 3100 885 3151 tam
925 3092 1001 3152 ad
1029 3092 1409 3171 voluptatem,
1451 3110 1628 3171 quam
1670 3090 1745 3149 ad
1775 3089 2193 3149 institutionem
2221 3094 2484 3148 nostram

290 3186 560 3248 refertur.
643 3186 903 3247 Confido
946 3196 1161 3262 autem,
1208 3189 1266 3248 in
1315 3197 1443 3248 toto
1487 3206 1680 3265 opere,
1721 3195 1935 3264 praeter
1973 3184 2218 3243 fortasse
2244 3183 2354 3243 tria
2378 3190 2484 3245 aut

292 3291 551 3361 quatuor
576 3283 650 3342 ad
682 3301 975 3344 summum
1016 3284 1164 3354 loca,
1209 3302 1343 3363 quae
1381 3292 1487 3344 aut
1525 3281 1737 3361 ingenii
1777 3281 1891 3341 mei
1931 3281 2349 3350 imbecillitate,
2377 3287 2485 3341 ant

284 3398 509 3439 morum
536 3381 902 3459 ignoratione
945 3389 1205 3440 veterum
1246 3399 1364 3441 non
1413 3379 1710 3439 intellecta
1737 3378 2041 3437 altioribus
2065 3375 2314 3455 ingeniis
2344 3395 2485 3436 eno-

282 3475 476 3535 danda
520 3478 806 3556 relinquo,
851 3477 995 3538 nibil
1042 3496 1276 3555 prorsus
1321 3476 1609 3546 relictum,
1641 3475 1801 3554 quod
1832 3493 1867 3532 a
1895 3493 1987 3532 me
2014 3491 2130 3532 non
2158 3472 2233 3532 sit
2257 3472 2479 3551 optime

280 3570 691 3646 dilucidatum,
748 3574 1046 3652 multaque
1100 3573 1494 3650 etiam.louge
1545 3572 1759 3632 rectius
1813 3571 2123 3648 explicata,
2181 3588 2357 3647 quam
2397 3567 2478 3629 ab

279 3670 559 3729 omnibus
580 3671 726 3740 aliis,
757 3670 860 3748 qui
886 3680 1016 3729 ante
1038 3690 1131 3729 me
1146 3670 1207 3728 in
1230 3669 1387 3729 hunc
1415 3677 1646 3747 poetam
1677 3667 1997 3744 scripsere:
2078 3666 2212 3725 Hoc
2239 3666 2478 3743 quidem

277 3785 451 3826 nemo
475 3766 649 3826 facile
678 3767 912 3845 negabit
938 3787 954 3825 ε
998 3766 1100 3826 sed
1129 3768 1289 3845 qnod
1325 3774 1341 3799 ⁶
1365 3763 1438 3825 de
1460 3765 1648 3824 tribus
1668 3771 1773 3822 aut
1799 3770 2052 3841 quatuor
2077 3763 2153 3821 ad
2183 3777 2478 3822 summum

278 3865 426 3923 locis
469 3883 509 3922 a
561 3883 623 3921 se
671 3863 915 3922 fortasse
967 3882 1085 3923 non
1133 3863 1469 3923 intellectis’
1516 3862 1681 3933 dixit,
1729 3859 1838 3922 etsi
1888 3879 2019 3918 vere
2066 3857 2249 3936 magis
2293 3876 2474 3937 quam

266 3960 567 4043 jactanter
591 3958 819 4018 dictum
851 3959 1079 4031 vellem,
1108 3966 1415 4037 (quantum
1456 3959 1609 4018 enim
1638 3967 1762 4018 tum
1790 3956 1916 4016 aliis
1944 3956 2202 4033 mihique
2239 3952 2476 4013 fecisset

276 4057 380 4115 otii
398 4058 453 4128 Ἰ)
492 4056 707 4115 nollem
756 4065 951 4116 tamen
995 4057 1049 4114 ei
1084 4056 1419 4117 excidisset.
1502 4055 1661 4126 Quid
1710 4055 1771 4115 in
1813 4074 1885 4114 eo
1926 4052 2177 4131 ejusque
2200 4047 2476 4110 doctrina

281 4151 733 4234 vituperandum
761 4151 854 4223 sit,
872 4152 999 4230 jam
1026 4171 1203 4234 supra
1228 4152 1445 4215 monui.
1553 4153 1560 4160 '
