2992 4859
431 330 614 400 1274
1160 347 1552 403 nncnnsus
1590 348 1926 399 comeum

698 497 838 578 Qui
866 498 1213 565 Juvenalis
1242 519 1436 585 opuS,
1464 503 1535 564 et
1555 499 1849 565 carmina
1877 503 2058 565 tacta
2079 498 2362 577 notabit,
2418 498 2428 505 '

567 594 575 599 ’
696 600 1037 667 Romanos
1063 607 1295 667 noscet
1315 619 1532 667 morea
1557 607 1625 668 et
1652 602 1833 667 facta
1858 601 2190 686 pudenda.

435 698 604 795 Cod.
630 704 920 787 elegans.
1369 727 1372 731 ’
2317 750 2324 755 -

523 802 785 870 Horum
816 805 1015 871 codd
1037 804 1305 892 plurimi
1346 812 1504 872 sunt
1548 825 1727 871 saec.
1746 823 1910 871 xlv,
1936 812 2002 872 et
2033 822 2163 872 xv,
2210 804 2345 872 duo
2371 806 2479 873 vel
2509 811 2643 871 tren

433 908 665 972 aetatis
709 908 1118 992 superioris;
1188 914 1255 972 et
1300 907 1650 994 probabile
1700 913 1822 989 est,
1874 908 1935 973 si
1984 907 2318 993 conjicere
2366 907 2474 974 fas
2526 909 2640 987 sit,

431 1007 628 1072 codd.
700 1011 1048 1075 nonnullos
1102 1010 1214 1075 hic
1270 1014 1672 1075 memoratos
1726 1014 1800 1074 ut
1854 1029 1898 1074 a
1962 1007 2116 1075 Ric.
2189 1007 2650 1088 Rawlinsono,

431 1104 1017 1180 LL.D.<B1bhoth.
1050 1112 1247 1178 Bodl.
1278 1111 1582 1191 donatos,
1627 1112 1793 1176 inter
1837 1132 1953 1177 eos
1997 1110 2441 1178 numerandos
2487 1130 2639 1177 esse

429 1221 549 1304 qui
574 1221 733 1286 olim
759 1225 1011 1309 proprii
1040 1228 1228 1289 erant
1269 1199 1493 1289 fratr-‘is
1521 1223 1667 1308 ejus
1694 1223 1974 1289 Thomna
2016 1221 2424 1300 Rawliuson,
2453 1220 2639 1286 Arm.

429 1321 512 1386 de
540 1325 786 1408 quibus
813 1327 910 1390 ita
940 1326 1319 1391 Maittaire:
1389 1329 1410 1358 ‘
1438 1343 1574 1390 non
1603 1325 1802 1391 citius
1831 1324 1914 1389 de
1941 1322 2105 1389 Juv.
2132 1329 2198 1388 et
2224 1322 2416 1389 Pers,
2444 1320 2654 1387 eden-

428 1422 536 1488 dis
585 1430 806 1493 tecum
846 1427 1327 1493 communicavi
1375 1425 1749 1504 consilium,
1789 1444 1994 1511 quam
2041 1425 2215 1489 ultro
2265 1442 2354 1489 ex
2398 1424 2641 1490 biblio-

429 1524 623 1592 theca
646 1535 763 1594 tua
786 1530 1309 1596 instructissima
1337 1549 1462 1595 sex
1493 1529 1674 1594 illius
1704 1526 2003 1613 duosque
2028 1527 2230 1611 hujus
2259 1526 2453 1595 codd.
2484 1532 2636 1593 ante

428 1646 493 1692 a.
523 1628 716 1695 1500.
747 1650 1041 1697 excusos
1081 1607 1568 1716 suppeditasti?
1658 1629 1997 1697 Maittarii
2032 1630 2187 1696 edit.
2232 1629 2427 1696 1716.
2535 1627 2650 1694 Hi.

426 1728 625 1795 codd.
644 1735 882 1817 scripti
910 1754 998 1799 ex
1027 1734 1259 1810 eodem
1288 1735 1551 1799 cimelio
1580 1733 1804 1798 forsan
1833 1732 2224 1797 deriventur.

522 1826 723 1896 Codes.
758 1830 851 1896 D’
858 1830 1225 1899 Orvilliani.
1275 1851 1352 1899 Χ.
1381 1836 1446 1900 l.
1478 1835 1542 1903 2.
1572 1836 1636 1900 8.
1666 1837 1729 1900 9.
1819 1832 1990 1899 Mss.
2031 1836 2118 1899 ad
2167 1833 2439 1913 Poetae,
2492 1835 2658 1900 sivo

428 1933 857 2017 Adversaria,
884 1957 1110 2016 manu,
1139 1946 1217 2003 ut
1239 1936 1522 2014 videtur,
1547 1934 1663 2000 W.
1692 1933 2083 2018 Vlamingii‚
2118 1952 2199 2000 11.
2244 1935 2441 2001 Tom.
2469 1936 2641 2002 inter

424 2038 561 2103 alia
586 2044 762 2106 tenet
803 2038 908 2126 (in
939 2040 1134 2106 Tom.
1161 2028 1265 2123 2.)
1306 2038 1550 2105 Novas
1578 2038 1791 2104 lectt.
1835 2058 1875 2102 e
1920 2037 2081 2102 Juv.
2108 2038 2466 2103 membran.
2491 2057 2640 2104 eru-

423 2142 551 2216 tae,
583 2160 702 2225 pp.
732 2141 840 2208 17

515 2257 593 2304 Χ.
624 2243 684 2307 Ι.
707 2245 771 2309 5.
803 2244 910 2309 30.
939 2244 1105 2311 inter
1130 2246 1266 2313 alia
1294 2245 1758 2329 complectitur
1783 2242 1942 2309 Juv.
1977 2261 2025 2308 ι.
2054 2244 2165 2310 84.
2252 2245 2319 2311 2.
2357 2243 2662 2311 Persius:

424 2342 693 2413 85-100.
725 2366 791 2410 a.
824 2343 994 2411 Cod.
1021 2349 1264 2413 memb.
1294 2347 1362 2411 ff.
1393 2348 1546 2417 100.
1577 2347 1648 2411 in
1674 2347 1816 2412 4to.
1844 2347 2103 2412 minori.

462 2480 477 2489 ·
513 2461 594 2509 x-
634 2449 698 2513 1.
726 2449 793 2515 6.
823 2449 930 2515 13.
971 2451 1140 2519 inter
1188 2451 1327 2517 alia
1368 2451 1662 2523 continet
1690 2448 1812 2535 (5.)
1842 2449 2264 2515 collationem
2291 2449 2449 2516 Juv.
2475 2469 2636 2516 cum

422 2550 573 2617 cod.
605 2551 933 2619 D’Orvill.
961 2576 1075 2638 pp.
1101 2555 1208 2620 15.
1269 2571 1348 2620 Χ.
1376 2556 1440 2619 2.
1466 2555 1533 2617 4.
1563 2553 1673 2618 22.
1697 2558 1774 2618 ut
1799 2551 2082 2638 videtur,
2110 2557 2302 2618 notas
2324 2551 2441 2618 W.
2467 2550 2662 2618 Vhtu»

419 2654 650 2739 ming-ii
679 2654 748 2719 in
774 2655 1088 2720 Juvenal.
1108 2662 1176 2721 et
1197 2656 1442 2721 Horat.
1477 2653 1652 2721 Mss.
1682 2655 1941 2738 spissas
1961 2674 1986 2719 ι
2023 2656 2096 2718 in
2114 2658 2254 2720 4to.
2460 2708 2466 2715 .

510 2771 590 2823 x,
618 2758 683 2823 2.
711 2759 779 2823 5.
808 2758 917 2824 24.
961 2758 1122 2824 Juv.
1169 2764 1236 2825 et
1279 2758 1465 2824 Pers.
1512 2756 1672 2823 edit.
1719 2756 2074 2822 Variorum
2102 2756 2384 2823 Amstel.
2432 2755 2631 2824 1684.

420 2858 576 2925 8νο.
622 2880 774 2925 cum
820 2859 961 2927 Ms.
990 2863 1352 2927 membran.
1379 2881 1547 2933 saec.
1580 2877 1740 2925 xlv,
1785 2858 2397 2926 Amstelodamensi
2427 2860 2638 2926 colla-
2661 2886 2678 2894 ·

421 2966 582 3028 tam.

508 3081 589 3130 Χ.
618 3066 687 3131 2.
717 3067 783 3132 6.
813 3068 920 3133 23.
948 3073 1125 3133 tenet
1150 3069 1310 3135 Juv.
1338 3074 1404 3133 et
1428 3068 1617 3134 Pers.
1660 3087 1812 3134 cum
1845 3070 2198 3132 comment.
2242 3068 2378 3130 vet.
2418 3064 2635 3131 Sanc-

418 3166 634 3237 tandri
684 3169 879 3235 1690.
922 3169 1076 3236 Svo.
1127 3177 1256 3236 sat.
1300 3172 1469 3237 duas
1515 3172 1772 3255 priores
1812 3190 1968 3235 cum
2000 3168 2178 3234 Mes.
2207 3168 2660 3251 collatam-et,

420 3268 646 3339 Gloss.
670 3272 747 3339 J.
773 3281 841 3339 et
870 3275 954 3341 P.
983 3276 1400 3361 aliquantum
1426 3296 1466 3340 e
1491 3273 1632 3340 ΜΒ.
1659 3280 1915 3340 auctas,

506 3375 769 3444 Notitia
807 3379 1200 3462 praecedens
1227 3380 1311 3445 de
1339 3378 1533 3445 codd.
1565 3378 2039 3445 D’Orvillianis
2066 3375 2153 3441 ad
2183 3373 2409 3440 Catal.⁴
2426 3374 2629 3444 codd.

419 3476 592 3545 Mes.
642 3486 710 3546 et
766 3479 1086 3567 Impress.
1130 3502 1282 3546 cum
1308 3487 1502 3547 ‘nott
1556 3480 1727 3547 Mss.
1780 3480 1941 3545 olim
1993 3476 2328 3544 D’Orvffl.
2380 3497 2427 3542 a
2479 3480 2664 3545 viro*

414 3578 655 3661 Graece
681 3588 748 3649 et
787 3584 1023 3650 Latine
1064 3586 1560 3662 callentissimo,
1600 3582 1862 3649 Thema
1890 3580 2231 3660 Gaisfoffl,
2274 3579 2395 3646 Gr.
2431 3579 2632 3664 Ling.

416 3683 712 3750 Pross’ess,
744 3684 928 3769 apud
960 3687 1186 3753 oxon.
1212 3693 1585 3765 exaramm,
1616 3686 1958 3752 referenda
1984 3690 2106 3749 θεῖ.
2217 3682 2290 3748 Ε·
2324 3680 2638 3767 Typogr.

416 3783 723 3853 Clarend.
752 3789 947 3856 1806.
2389 3868 2394 3873 ,

503 3883 702 3955 codd.
737 3885 1062 3954 Canonici.
1153 3890 1333 3956 Inter
1380 3891 1510 3957 hos
1557 3891 1888 3971 undecim,
1916 3890 1975 3954 si
2024 3892 2200 3952 recte
2243 3886 2656 3987 legerimus,'

412 3990 611 4056 codd.
637 3989 798 4057 Juv.
828 3992 933 4056 vel
959 3992 1007 4057 J
1009 4012 1125 4059 uv.
1152 4000 1219 4059 et
1246 3991 1434 4058 Pers.
1466 3992 1736 4059 videndi
1765 3998 1954 4059 sunt:
2020 3988 2140 4053 sed
2180 4005 2314 4052 non
2341 3988 2412 4052 in
2436 3989 2618 4054 ordi-

408 4112 558 4161 nem
586 4093 807 4161 adhuc
836 4093 1106 4189 redacti.
1194 4093 1532 4174 Quaedam
1559 4094 1756 4171 nobis
1803 4096 2042 4160 leviter
2091 4091 2396 4175 inspecta
2443 4111 2623 4176 prae-

409 4195 849 4277 temnamus,
878 4197 1001 4262 vix
1028 4198 1203 4264 ultra
1228 4197 1493 4264 Titulos
1522 4199 1634 4263 hic
1664 4191 2096 4283 progressuri.
2129 4248 2134 4257 .
2211 4252 2217 4259 .
