2992 4859
1127 359 1168 407 1³
1182 358 1376 408 BRSI!

317 500 533 554 beatum
564 498 819 563 jach'tot3
852 497 940 549 ubl
966 513 1000 549 a
1032 504 1254 564 praetore
1276 514 1381 549 ina·

314 574 571 626 nnniissus
590 581 689 624 est.
723 573 1070 639 Apparebant
1089 575 1227 625 enim
1239 569 1382 624 Proess

317 653 422 703 tori
454 655 503 701 6.
525 651 899 713 lictorem—In,
928 650 1032 714 ξι]
1081 652 1144 701 1d
1185 659 1282 714 est,
1317 652 1378 700 In

313 742 380 778 eo
423 727 634 778 beatum
681 726 952 791 praedicat,
1001 727 1137 790 quod
1178 725 1380 776 festuca

311 804 401 852 vel
424 804 569 866 virga
601 802 855 866 praetoris,
875 802 1036 865 ipsius
1072 809 1232 866 capnt
1266 811 1377 851 tan-

317 878 415 942 git.
451 879 602 927 Iden.

381 958 479 1003 176
509 954 621 1014 Jus,
642 952 750 1016 qm]
805 952 1005 1003 Pmbat
1028 953 1248 1003 ulterius
1274 954 1378 1002 Da·

313 1044 452 1080 mans
483 1043 589 1078 nou
628 1043 740 1078 esse
779 1028 998 1079 liberum
1031 1043 1097 1079 ex
1130 1030 1379 1094 adjuncta

315 1105 629 1155 ambitione:
685 1105 821 1169 quod
873 1106 965 1155 illa
1015 1106 1253 1170 ducatur,
1313 1122 1376 1157 ac

315 1181 534 1245 proinde
575 1180 708 1230 liber
740 1195 853 1231 esse
893 1183 1378 1247 nequeat—Palpo]

317 1255 606 1306 Anferendi
623 1271 789 1319 casus,
803 1271 904 1307 non
924 1258 1236 1308 nominandi.
1281 1260 1378 1308 Est

317 1337 498 1386 antem
517 1333 697 1395 Palpns
730 1348 762 1382 a
796 1333 1073 1396 palpando.
1141 1334 1245 1383 Hic
1283 1348 1377 1397 pro

316 1408 583 1459 blanditiis
607 1416 662 1458 et
694 1409 954 1459 illecebris
990 1411 1227 1475 ponitur3
1269 1410 1378 1474 qui·

317 1484 414 1535 bns
453 1484 681 1535 homines
705 1486 771 1534 ad
810 1486 1028 1536 bonores
1061 1486 1376 1536 alliciuntur.

312 1560 489 1611 labia.
559 1561 664 1611 Pro
707 1564 858 1624 toltit,
890 1563 977 1612 alii
1021 1562 1144 1612 libri
1183 1563 1378 1612 babent

311 1638 470 1686 ducit:
503 1651 600 1687 nec
633 1640 767 1687 rnale
804 1639 1000 1688 ducere
1029 1653 1148 1689 eum
1186 1639 1378 1688 dicitur

311 1711 545 1778 ambitio,
567 1714 654 1778 qui
688 1713 797 1778 ejus
833 1728 990 1764 causa
1011 1713 1142 1764 facit
1164 1716 1335 1764 omnia
1359 1730 1374 1775 ς

313 1803 376 1838 ac
408 1787 548 1839 forte
589 1789 655 1839 ad
687 1791 878 1839 amicos
915 1790 1226 1841 deductores
1258 1806 1376 1841 can·

311 1864 604 1915 didatoruru
647 1868 899 1930 respexit.
953 1868 1379 1918 cnuth—Hm

312 1940 438 2004 teus}
501 1943 663 1996 Quasi
716 1943 922 1993 honoris
973 1943 1197 1994 avidum.
1278 1944 1376 1994 Iu·

379 2097 474 2144 17⁷
511 2093 731 2157 arctata]
764 2094 1074 2146 Candidata.
1125 2098 1262 2146 Nam
1286 2097 1377 2162 qui

312 2170 530 2220 bonores
562 2172 886 2235 aspirabant,
914 2172 1183 2222 candidati
1213 2180 1269 2223 et
1304 2175 1376 2223 al-

314 2247 392 2297 bis
417 2248 754 2314 candidisque
780 2250 1009 2300 restibus
1043 2249 1374 2302 incedebant.

312 2323 741 2388 wia—Vigila,
783 2327 889 2390 qm]
961 2327 1120 2377 Ludis
1164 2328 1376 2377 Florali·

314 2398 409 2448 bas
451 2399 622 2449 omnia
664 2402 862 2451 semina
901 2403 1282 2466 spargebantur
1321 2405 1376 2454 in

314 2472 581 2540 populum,
605 2481 664 2524 ut
699 2477 874 2526 Tellus
902 2478 1047 2528 velut
1077 2479 1377 2530 muneribus

312 2548 416 2598 suis
460 2550 777 2613 placaretur.
833 2554 935 2604 Vet.
956 2554 1066 2606 Sela.
1145 2557 1375 2606 Maxime

312 2633 528 2690 propter
585 2627 755 2679 officia
806 2631 1192 2694 salutationum,
1248 2647 1376 2698 quas

311 2709 434 2753 ante
475 2704 757 2754 diluculum
790 2706 1123 2758 inchoabant.
1184 2710 1269 2758 De
1304 2710 1376 2758 la-

309 2779 438 2830 bore
461 2789 519 2831 et
551 2780 739 2844 vigiliis
778 2782 1171 2833 candidatorum
1214 2785 1378 2837 mults

314 2857 500 2906 Cicero
529 2856 687 2906 variis
716 2857 861 2908 locis.
900 2859 1100 2910 camb.
1167 2860 1271 2908 Vel
1303 2860 1378 2909 ita

312 2930 464 2992 dicit,
484 2930 606 2995 qnia
643 2932 854 2982 ambitio
887 2933 1142 2982 bominem
1165 2947 1267 2982 non
1306 2932 1379 2983 fa·

312 3008 415 3057 cile
454 3007 578 3059 sinit
620 3009 903 3074 quiescere.
905 3012 1060 3070 —Ee‚
1089 3012 1196 3075 qm]
1234 3010 1379 3060 Sole

315 3084 446 3133 bant
475 3086 738 3137 ambitiosi
755 3087 907 3150 ludis,
931 3089 1378 3150 viscerationibus,

314 3160 608 3225 congiariis,
671 3170 726 3212 et
775 3164 1154 3228 largitionibus,
1199 3164 1378 3229 popul}

314 3237 531 3300 gratiam
555 3246 788 3302 captare.
823 3240 999 3290 Labie.

382 3317 478 3363 178
513 3315 739 3376 Rioennti,
773 3316 880 3379 ξω]
925 3316 987 3365 In
1027 3314 1258 3380 legendis
1303 3316 1378 3364 lea

315 3391 603 3454 geminibus
644 3393 782 3441 inter
819 3408 875 3452 se
916 3393 1125 3456 rixanti,
1162 3399 1376 3442 conten·

315 3463 483 3528 denti,
527 3472 590 3516 et.
617 3429 1168 3530 litiganti.-Ftomlz·'a]
1223 3468 1380 3517 Festa

312 3543 368 3592 in
409 3545 654 3593 bonorem
699 3544 866 3594 Flora
906 3545 1196 3595 meretricis
1233 3546 1378 3595 insti·

315 3625 450 3682 tuta,
467 3619 726 3683 obscoena,
748 3625 805 3670 et
831 3619 1055 3670 infanda.
1125 3622 1255 3670 Erat
1288 3637 1376 3671 au-

317 3701 422 3745 tem
446 3695 593 3745 Flora
629 3697 765 3759 Dea,
797 3712 910 3762 ηοω
929 3696 1139 3748 floribus
1165 3705 1377 3763 praeest,

316 3776 375 3822 et
417 3770 762 3834 leguminibus
802 3774 1007 3823 colitur.
1096 3776 1179 3823 De
1232 3774 1377 3837 cujus

316 3845 571 3896 obscoenis
592 3846 750 3896 sacris
787 3848 906 3899 vide
941 3850 1184 3899 Lactant.
1223 3863 1260 3900 ι.
1293 3853 1377 3900 2⁰.

315 3921 487 3973 min.
551 3922 656 3972 Sed
691 3923 776 3973 bic
807 3924 1167 3990 intelliguntur
1200 3940 1377 3975 omnes

315 4001 553 4052 ludorum
585 4003 806 4065 species,
840 4017 966 4067 quos
1006 4004 1231 4054 edebant
1265 4004 1378 4052 Ma-

314 4077 585 4141 gistratus,
604 4079 910 4142 popularem
929 4081 1149 4144 gratiam
1164 4087 1376 4145 captan-

317 4163 418 4205 tes.
463 4153 666 4203 cmo.

382 4233 478 4279 1⁷⁹
507 4229 695 4293 Apu-ici,
723 4227 837 4291 qm}
910 4229 1095 4281 Solent
1132 4244 1279 4282 senes
1320 4229 1376 4279 in

446 4309 622 4374 ncipit.
640 4314 691 4359 et
718 4310 835 4361 Ver.
859 4310 990 4360 clas.

1433 359 1595 412 SAT.
1642 360 1709 408 V.

2384 345 2517 413 273

1454 501 1565 550 sole
1584 500 1799 551 hiberno
1820 502 2114 564 apricantes
2135 504 2215 554 nel
2231 502 2517 568 σίληοφῶν-

1448 592 1531 624 τις
1550 576 1688 626 circa
1706 578 1972 628 meridiem
1993 581 2256 642 calidiore,
2273 581 2339 630 de
2361 579 2516 644 nugis

1450 653 1549 702 hoc
1570 667 1729 717 genus
1764 656 1992 710 narrire:
2029 658 2164 706 unde
2207 659 2516 709 Groecorum

1452 732 1778 794 proverbium
1796 732 2112 796 μεσημβρινὸς
2128 725 2287 797 λῆρός.
2314 732 2516 783 Ces-ub.

1454 806 2190 872 funeb.xx.1.—Q·u,s·e.]
2229 811 2398 863 Quam
2422 823 2514 874 po·

1452 884 1575 944 pulo
1613 883 1841 946 placere,
1876 891 1932 934 et
1977 887 2029 935 in
2075 886 2415 936 admiratione
2456 890 2516 937 et

1452 959 1617 1020 gratia
1634 959 1761 1007 es'se.
1780 959 2017 1011 ·.1ronice
2050 961 2224 1010 Lubia-

1519 1037 1613 1082 180
1647 1033 1875 1095 Herodis,
1913 1037 2019 1101 qt]
2093 1036 2334 1086 Herodes
2374 1035 2517 1100 apud

1449 1109 1662 1159 Juduos
1696 1111 1932 1174 reg-navit
1959 1113 2279 1177 temporibus
2313 1111 2516 1177 Augus-

1453 1185 1513 1246 ti,
1530 1184 1582 1233 in
1604 1185 1839 1249 partibus
1854 1187 2034 1250 Syrie.
2089 1187 2374 1237 Herodiani
2388 1202 2533 1253 ergo·

1451 1260 1589 1310 diem
1612 1262 1837 1310 natalem
1874 1263 2099 1312 Herodis
2133 1263 2433 1327 observant,
2455 1270 2517 1315 ut

1449 1338 1609 1388 etiam
1629 1338 1886 1387 Sabbata:
1922 1354 2023 1403 quo
2058 1338 2142 1388 die
2164 1339 2399 1388 lucernas
2431 1354 2517 1390 ac·

1450 1427 1651 1474 censes,
1669 1418 1723 1462 et
1741 1412 1889 1462 violis
1911 1421 2183 1462 coronatas
2204 1414 2256 1461 in
2272 1412 2515 1464 fenestris

1452 1495 1671 1553 ponunt.
1714 1489 1821 1538 Vct.
1837 1489 2231 1539 Scae-Herodis
2244 1490 2369 1553 dies]
2388 1489 2515 1540 Per·

1451 1567 1557 1616 sius
1600 1565 1665 1615 de
1707 1566 2077 1630 superstitione
2112 1566 2196 1617 bic
2230 1580 2407 1631 agens,
2427 1581 2516 1616 ex·

1450 1642 1623 1706 empla
1681 1643 1829 1706 ponit
1870 1657 2047 1691 eornm
2093 1642 2371 1704 bominum,
2425 1641 2516 1706 qui

1449 1718 1685 1770 Judaicis
1707 1725 1799 1768 aut
1821 1717 2062 1768 Asiaticis
2099 1724 2156 1767 et
2186 1719 2512 1782 AEgyptiscis

1448 1794 1632 1843 ritibus
1656 1795 1832 1844 Romae
1858 1799 2160 1852 uterentur;
2190 1792 2412 1843 Judaica
2431 1807 2513 1843 re·

1450 1871 1575 1935 ligio
1631 1873 1808 1921 Roma
1864 1871 2136 1934 peregriua
2186 1869 2516 1931 censebatur,

1448 1948 1568 1995 solis
1596 1946 1794 1998 Judaeis
1826 1948 2004 1996 urbem
2035 1946 2376 1996 incolentibus
2399 1960 2517 2010 per·

1447 2023 1622 2073 missa.
1692 2024 1899 2072 Hmdis
1929 2024 2047 2084 dies,
2086 2031 2208 2071 sunt
2243 2022 2353 2071 dies
2386 2036 2513 2087 quos

1449 2098 1580 2148 colit
1596 2098 1814 2163 populus
1846 2099 1934 2162 qui
1958 2098 2155 2148 Herodi
2180 2098 2387 2161 paruit:
2423 2096 2516 2149 Ju-

1449 2173 1551 2222 daei
1586 2187 1786 2237 nempe.
1851 2173 1955 2222 Sed
2000 2181 2219 2237 praestat
2262 2173 2514 2237 interpre-

1449 2250 1550 2299 tari
1594 2251 1661 2299 de
1718 2249 1927 2315 propria
1965 2249 2169 2298 illorum
2211 2247 2514 2300 Judaeornm

1450 2334 1614 2390 secta,
1636 2328 1724 2392 qui
1756 2327 1824 2376 ab
1848 2326 2059 2377 Herode
2084 2340 2284 2388 magno,
2309 2325 2514 2389 pridem

1451 2404 1561 2454 vita
1597 2402 1871 2467 defuncto,
1896 2401 2176 2452 Herodiani
2209 2408 2330 2451 sunt
2361 2400 2512 2463 dicti,

1453 2469 1541 2544 q'ui
1580 2480 1842 2530 Heroden
1877 2494 1969 2543 pro
2004 2479 2211 2529 Christo
2250 2477 2513 2529 colebant.

1450 2557 1717 2620 Diesergo
1755 2556 1985 2618 Herodis,
2026 2555 2259 2619 appellat
2288 2555 2515 2603 natalem

1452 2635 1590 2684 diem
1618 2634 1861 2696 Herodis,
1900 2649 2001 2684 non
2035 2635 2243 2699 quidem
2268 2647 2409 2683 verae
2431 2649 2514 2693 ‘ys-

1451 2707 1637 2772 ήσεως,
1673 2710 1764 2759 sed
1800 2711 2026 2772 suscepti
2063 2710 2207 2773 regni
2244 2709 2383 2772 apud
2421 2708 2515 2759 Ju-

1453 2784 1622 2834 daeos:
1679 2800 1796 2834 nam
1833 2792 1889 2834 et
1928 2786 2001 2834 illi
2041 2785 2152 2833 dies
2193 2783 2513 2833 vocabantur

1449 2862 1670 2909 natales.
1707 2861 1971 2912 cmb.—
1981 2862 2237 2924 Uncteque,
2255 2859 2358 2923 qt]
2396 2857 2514 2908 Mo·

1452 2938 1573 2987 dum
1595 2939 1839 3000 ostendit,
1863 2953 1962 3003 quo
1985 2938 2072 2988 ille
2104 2938 2218 2987 dies
2238 2935 2304 2986 ab
2345 2936 2517 2986 Hero·

1452 3013 1619 3062 dianis
1636 3013 1912 3063 colebatur.
1978 3013 2220 3063 Omnium
2236 3025 2370 3076 pene
2388 3019 2515 3074 gen·

1452 3085 1580 3137 tlnm
1615 3090 1894 3138 communis
1916 3087 2015 3139 fuit
2052 3088 2198 3150 ritns,
2237 3087 2302 3136 ad
2334 3085 2514 3151 gaudii

1450 3161 1869 3227 significationem
1901 3164 2059 3226 iguem
2092 3164 2366 3213 «κακία-ω
2413 3173 2513 3213 nec

1450 3240 1615 3288 solum
1635 3240 1689 3288 iu
1707 3240 1911 3304 templis
1931 3240 2120 3290 lumina
2138 3238 2517 3305 accendebant,

1451 3315 1544 3364 sed
1586 3315 1745 3364 etiam
1768 3315 1902 3363 domi
1942 3315 2159 3379 quisque
2192 3329 2319 3376 suae,
2347 3327 2513 3379 eaque

1441 3390 1617 3455 januis
1641 3405 1701 3440 ac
1724 3388 1963 3440 fenestris
1987 3391 2366 3454 appendebant.
2417 3392 2525 3439 Ca·-

1446 3465 1584 3515 snnb.
1631 3465 1835 3526 Ίὶιηςὸ.
1869 3477 2015 3515 xxti.
2052 3470 2128 3516 12.
2200 3467 2353 3515 Uncto
2387 3478 2514 3527 ergo

1451 3542 1582 3590 dicit
1602 3542 1667 3591 ob
1692 3542 1880 3598 oleum,
1903 3541 2042 3604 quod
2076 3555 2141 3590 ex
2171 3539 2396 3590 lucernis
2427 3553 2515 3588 ex·

1453 3620 1663 3669 ndabat.
1711 3618 1884 3668 Lsoin.

1524 3699 1610 3744 181
1646 3692 1928 3756 Dispositoe]
1978 3693 2041 3742 In
2074 3691 2303 3743 fenestra
2328 3692 2513 3743 ordine

1451 3771 1657 3834 positae,
1694 3776 1750 3819 et
1780 3769 2375 3833 ordinata—Pinguem]
2415 3769 2516 3818 Ln-

1447 3860 1563 3895 cem
1586 3860 1703 3895 cum
1728 3846 1906 3909 pingui
1925 3845 2112 3894 nebula
2129 3853 2217 3895 aut
2234 3844 2376 3896 sumo
2389 3845 2515 3895 emi·

1449 3921 1951 3984 serina—Venturis]
1988 3920 2115 3982 Pro,
2136 3922 2381 3971 Emisere.

1519 4002 1613 4047 182
1645 3998 1917 4059 Por-emes,
1971 3997 2076 4060 εμπ]
2138 3997 2313 4046 Grreci
2353 3995 2514 4059 scrip-

1451 4079 1592 4123 tores
1610 4073 1990 4124 celebrationes
2024 4073 2127 4123 diei
2161 4071 2285 4121 festi
2313 4071 2509 4120 duabus

1453 4149 1669 4200 vocibus
1712 4150 1980 4215 designare
2024 4150 2208 4210 solent,
2251 4145 2373 4210 «paci
2432 4146 2514 4197 :d

1454 4227 1804 4294 παμμήκεσι,
1817 4225 2088 4277 luminibus
2108 4232 2166 4276 et
2184 4237 2513 4275 coronamen-

1366 4310 1507 4368 Pers.
2341 4303 2377 4353 S
