2992 4859
1091 345 1336 399 Ptnsu

279 490 460 541 dieat:
508 492 1023 546 Tuverumexamen
1058 492 1128 543 ab
1162 492 1229 544 iis
1260 508 1348 544 su·

283 567 398 616 dire
430 565 713 632 desideras,
752 568 933 634 quibus
966 584 1070 619 non
1112 570 1352 620 habenda

281 642 434 706 fides,
454 658 571 694 cum
606 645 838 708 corrupti
872 645 992 696 sint.
1077 647 1244 697 Recte
1283 646 1350 696 de

281 718 361 768 liis
398 718 682 769 Horatius:
727 721 743 747 ‘
769 721 911 771 Male
942 736 1121 771 verum
1156 721 1348 771 exami-

283 801 377 844 nat
400 796 565 845 omnis
583 797 870 860 Corruptus
883 797 1088 861 judex!
1154 798 1325 848 labin.

349 875 417 920 36
473 872 588 934 Qui,
624 874 732 936 ξω]
795 875 1013 924 Tractus
1060 890 1239 925 sensus
1281 890 1349 924 ex

286 949 476 1009 Graeoo
493 962 663 1010 versu,
676 965 776 1015 quo
797 953 1132 1015 significatur,
1147 968 1212 1004 ex
1231 968 1352 1015 yen-

285 1029 369 1074 tre
403 1038 575 1074 crasso
600 1033 807 1076 tenuem
831 1042 1034 1078 sensum
1059 1044 1158 1078 non
1191 1029 1348 1079 nasci.

290 1101 401 1152 vet.
424 1100 705 1159 Sela—Qui
740 1104 872 1168 pote]
903 1130 906 1133 *
935 1108 1146 1169 Septem
1185 1107 1350 1155 lineas

283 1184 564 1242 sequentes
582 1179 871 1244 interrupte
889 1181 1152 1232 interserit
1168 1182 1351 1232 Poeta.

286 1253 692 1319 ramam—Qui]
741 1256 903 1307 Quasi
924 1258 1094 1307 dieatt
1129 1258 1351 1310 Quomo-

287 1329 356 1379 do
378 1329 488 1380 fieri
512 1338 704 1395 potest,
744 1339 802 1382 ut
835 1334 902 1383 ab
938 1334 1038 1384 illis
1069 1348 1244 1383 vemm
1267 1347 1351 1382 au-

286 1405 418 1469 dias,
440 1421 564 1471 quos
582 1408 878 1458 muneribus
900 1410 1005 1459 tuis
1026 1408 1155 1459 falsa
1175 1409 1350 1459 dicere

285 1480 741 1550 doenum—Pete]
788 1483 851 1533 Id
875 1494 973 1548 est,
1003 1486 1355 1548 potest—Vis

283 1556 466 1621 dicam]
512 1559 606 1607 Est
627 1559 938 1624 interceptio
959 1560 1143 1611 Poetae
1169 1561 1352 1611 nostri.

289 1632 452 1684 Quasi
474 1632 610 1683 dicat
630 1652 646 1684 τ
689 1635 744 1684 si
779 1636 1003 1684 veritate
1037 1634 1351 1701 usqueadeo

288 1705 590 1771 delectaris,
609 1709 754 1758 visne
778 1715 837 1759 ut
871 1724 969 1773 ego
1004 1709 1142 1759 illam
1180 1708 1274 1759 tibi
1305 1724 1355 1758 a·

288 1792 461 1847 perte,
481 1790 535 1833 et
557 1785 669 1834 siue
690 1784 811 1834 fuco
833 1787 1020 1848 dicam,
1044 1785 1167 1850 quid
1201 1784 1268 1834 de
1301 1790 1353 1835 te

289 1860 497 1925 tuisque
521 1862 831 1912 carminibus
854 1862 1181 1912 sentiendum
1203 1862 1356 1912 sit.—

292 1935 533 1998 Nugaris]
581 1938 765 1986 -Unico
801 1938 962 1988 verbo
1003 1937 1130 1987 dicit
1175 1942 1357 1986 auctor

290 2018 487 2073 noster,
524 2011 646 2076 quid
685 2013 895 2063 sentiat.
978 2011 1137 2065 Quasi
1177 2011 1352 2062 dicat:

290 2086 377 2135 Tu
398 2087 606 2150 putidas
645 2094 702 2137 et
735 2088 922 2138 nullius
943 2088 1098 2152 pretii
1117 2102 1278 2151 nugas
1300 2096 1358 2137 et

290 2164 518 2228 ineptias
541 2165 740 2215 scribis.
772 2164 1136 2215 lachim—Cum
1156 2164 1248 2214 eibi
1267 2168 1358 2215 eul-

293 2255 365 2304 ee,
385 2240 492 2304 ξιπ]
560 2241 675 2291 Hoc
697 2248 778 2291 est
797 2242 968 2292 Persii
1005 2241 1072 2290 de
1095 2242 1195 2292 isto
1218 2241 1357 2305 judi·

293 2317 450 2367 cium.
516 2316 716 2381 Accipe
748 2318 908 2380 igitur
930 2319 995 2367 de
1019 2325 1072 2368 te
1095 2317 1217 2383 quid
1246 2331 1358 2366 scn-

293 2392 420 2441 tiam
442 2408 453 2441 :
507 2406 606 2455 ego
630 2399 684 2442 te
714 2395 927 2443 stultum
952 2394 1246 2459 pronuntio,
1269 2394 1356 2458 qul

293 2468 452 2518 vitam
474 2483 674 2519 omnem
698 2469 763 2519 ad
785 2469 1028 2520 canitiem
1064 2486 1225 2536 usque
1255 2479 1358 2520 tra-

294 2543 456 2593 ducas
500 2543 552 2592 in
596 2545 745 2608 nugis
787 2553 842 2593 et
879 2544 1049 2595 inutili
1098 2545 1357 2596 Poetandi

296 2619 504 2671 studio:
539 2635 655 2670 cum
673 2622 778 2671 sint
799 2622 925 2670 talia
947 2622 1151 2685 potiora
1167 2637 1283 2686 quae
1307 2622 1358 2671 ei

297 2695 469 2746 studio
505 2696 750 2759 praeverti
789 2695 1048 2744 debeant:
1110 2696 1358 2760 imprimis

296 2778 489 2834 autem,
543 2784 710 2820 mores
756 2770 1049 2833 emendare,
1092 2780 1147 2821 et
1199 2772 1359 2821 vitam

297 2849 579 2911 corrigere,
600 2860 752 2911 quam
791 2860 888 2910 per
923 2848 1216 2909 voluptates
1256 2852 1358 2896 tra·

297 2924 462 2987 ducis,
477 2924 529 2972 in
548 2922 774 2973 curanda
791 2928 912 2972 cute
935 2923 1050 2985 plus
1071 2936 1219 2987 aequo
1241 2937 1360 2986 ope—

296 3008 461 3051 ratus.
512 2999 947 3060 Casuum—Calue,
965 2995 1070 3061 astu]
1104 2997 1361 3047 Perstrin-

300 3077 382 3142 git
412 3082 583 3126 autem
616 3076 715 3125 boc
750 3076 868 3124 loco
900 3080 1096 3123 certum
1135 3073 1360 3139 aliquem

297 3152 502 3203 calvum
537 3158 604 3202 et'
628 3165 850 3201 crassum
885 3148 1121 3199 Poetam.
1163 3170 1177 3180 ἣ
1199 3150 1364 3202 Quasi

302 3227 476 3277 dicat:
512 3227 591 3277 Tu
613 3227 838 3290 ineptias
855 3231 1054 3275 tautum
1077 3228 1362 3289 componis,

300 3316 419 3352 cnm
440 3303 555 3364 tibi,
576 3317 608 3352 o
631 3301 808 3365 Calve,
846 3300 1052 3365 pinguis
1090 3309 1208 3350 tuus
1241 3316 1363 3352 ven·

301 3386 388 3429 ter
411 3386 656 3442 tanquam
693 3378 1009 3442 aqualiculus
1049 3383 1197 3427 tanto
1236 3393 1363 3442 pon-

302 3456 430 3507 dere
476 3457 611 3505 ultra
652 3456 901 3520 reliquum
942 3470 1128 3521 corpus
1174 3458 1364 3520 promi-

302 3538 443 3582 neat.
522 3532 774 3582 Potestne
817 3530 927 3580 fieri
973 3538 1033 3582 ut
1074 3546 1105 3580 e
1146 3545 1363 3594 corpore

303 3614 408 3658 tam
434 3606 587 3657 obeso
611 3614 666 3656 et
687 3621 877 3669 crasso,
910 3613 965 3655 et
999 3606 1134 3656 vitiis
1157 3621 1217 3656 ac
1241 3606 1364 3655 deli-

304 3684 389 3734 tiis
409 3684 602 3748 pingui,
624 3684 819 3749 aliquid
843 3683 1053 3748 subtile,
1081 3691 1284 3733 acutum
1308 3689 1366 3733 et

301 3762 535 3812 limatum
560 3761 796 3825 prodeat.
859 3759 1035 3809 Luhin.

370 3843 433 3889 5⁷
472 3837 709 3901 Pinguis]
767 3837 987 3887 Ponitur
1018 3837 1101 3887 bie
1134 3852 1228 3902 pro
1260 3844 1364 3887 stu-

304 3914 428 3981 pido
452 3921 508 3964 et
529 3914 1115 3979 hebent—Amicum]
1144 3914 1367 3965 Sordida

305 3992 629 4055 metaphora,
665 3989 757 4039 sed
791 3990 912 4040 satis
947 3992 1253 4040 conveniens
1274 3991 1366 4039 Sa-

309 4067 482 4132 tyrico
503 4066 790 4116 idiotismo.'
856 4067 952 4114 Est
974 4069 1146 4115 autem
1168 4066 1367 4128 Aquati-

306 4143 436 4193 οὔτε
466 4142 674 4207 proprie
697 4148 882 4191 venter
901 4141 1064 4205 porci,
1094 4140 1177 4189 vel
1209 4140 1367 4188 etiam

310 4233 407 4285 pro
451 4218 788 4284 receptaculo
826 4217 1069 4270 sordium.
1113 4216 1370 4266 -Ponitur

1425 347 1587 398 sm.
1635 349 1682 397 ι.
2361 335 2492 401 207

1421 493 1506 543 bic
1548 507 1647 558 pro
1679 497 1863 543 ventre
1906 490 2157 542 helluonis
2200 498 2256 541 et
2299 491 2490 555 impuri

1420 568 1982 631 bominis—Propemo]
2015 568 2285 629 Protenso,
2307 576 2489 618 exten-

1421 660 1499 707 so,
1531 644 2225 709 exporrecta—Sesquipede]
2292 644 2353 694 Id
2388 652 2489 707 est,

1423 736 1666 771 mensura
1688 722 1836 772 unius
1860 721 2007 785 pedis
2026 737 2144 771 cum
2173 722 2380 772 semisse
2404 724 2487 771 vel

1420 799 1653 849 dimidio.
1719 798 1992 848 Turnebus
2008 811 2208 848 xxvm.
2229 799 2516 850 ita-Ex·-

1422 875 1516 938 τά]
1554 876 1908 926 Proiimineat.

1484 957 1551 1002 58
1587 954 1633 1001 0
1668 953 1812 1014 June,
1844 952 1950 1016 qua]
2018 952 2321 1000 Exclamans
2365 960 2511 1014 ergo·

1419 1026 1694 1087 mma
1716 1029 1932 1077 istorum
1957 1033 2011 1077 et
2034 1033 2298 1091 stuporem
2330 1027 2497 1076 admi-

1423 1110 1586 1154 ratur.
1638 1103 1954 1153 Genua—0
1972 1102 2121 1167 June]
2189 1105 2286 1153 Est
2317 1109 2490 1153 autem

1426 1180 1653 1244 Ellipsis‚
1673 1187 1729 1228 et
1750 1179 2236 1242 subintelligendum
2258 1195 2271 1227 t
2322 1181 2489 1232 Quam

1424 1261 1483 1305 tu
1508 1254 1634 1305 felix
1658 1261 1715 1304 et
1738 1256 1958 1319 prudens
1979 1271 2053 1316 es,
2087 1255 2173 1319 qui
2209 1255 2351 1305 vides
2376 1253 2488 1317 rpo-

1422 1349 1491 1381 σω
1512 1332 1591 1381 καὶ
1610 1330 1776 1395 ὀπίσω,
1811 1346 1842 1381 o
1884 1338 1937 1380 te
1967 1330 2202 1380 beatuml
2257 1331 2380 1379 Fuit
2402 1345 2491 1379 au-

1424 1417 1530 1460 tem
1551 1411 1715 1461 Janus
1734 1409 2115 1475 antiquissimus
2140 1408 2303 1458 ltaliae
2322 1409 2488 1471 Dens,

1423 1492 1482 1536 et
1502 1486 1635 1535 Latii
1659 1500 1768 1547 rex,
1789 1500 1820 1533 a
1842 1500 1943 1548 quo
1968 1485 2241 1533 mic-lum
2272 1483 2489 1534 dictum.

1424 1561 1530 1610 Per
1551 1563 1731 1610 Juniua
1764 1560 2011 1623 intelligit
2039 1560 2278 1608 cordatos
2298 1566 2355 1608 et
2377 1572 2495 1622 pru·

1424 1637 1739 1687 dentem—A
1759 1642 1911 1697 tergo,
1931 1634 2040 1699 qm]
2060 1635 2181 1684 Tria
2200 1635 2489 1684 irrisionum

1424 1715 1509 1763 vel
1533 1727 1804 1762 sannarum
1830 1726 2018 1776 genera
2046 1720 2321 1775 ponuntur.
2380 1712 2507 1762 Pri·'

1425 1803 1583 1853 mum,
1600 1789 1763 1837 Manu
1789 1787 2035 1837 ciconiam
2058 1786 2358 1849 significare.
2403 1786 2496 1836 Se-

1426 1865 1669 1925 cundum,
1691 1863 1947 1927 Apposito
1964 1863 2029 1911 ad
2049 1870 2285 1925 tempora
2300 1861 2492 1927 pollice

1425 1941 1647 1990 asininas
1689 1954 1840 1989 aures
1884 1939 2146 1989 denotare.
2233 1937 2493 1998 Tertium,

1428 2018 1678 2081 Linguam
1722 2017 1947 2067 sitientis
1990 2017 2132 2065 cauis
2173 2013 2490 2064 imitari.—A

1427 2095 1587 2159 tergo]
1638 2093 1773 2143 Illud
1807 2094 1944 2142 enim
1984 2090 2097 2140 fleri
2136 2105 2236 2140 non
2270 2093 2494 2154 poterat,

1429 2185 1546 2220 nam
1589 2178 1644 2220 et
1683 2172 1736 2219 in
1783 2177 1928 2233 tergo
1964 2167 2192 2218 habebat
2235 2166 2499 2215 oculos.—

1433 2247 1604 2307 Νιιιια,
1643 2246 1747 2310 6⁸2]
1811 2246 1936 2294 Tria
1974 2256 2164 2309 genera
2208 2252 2501 2303 sannarum,

1432 2327 1521 2372 aut
1559 2337 1713 2372 manu
1763 2318 2057 2383 significare
2098 2318 2365 2379 ciconiam,
2405 2320 2498 2366 aut

1431 2399 1669 2464 opposito
1705 2397 2024 2461 temporibus
2064 2395 2272 2460 pollice,
2297 2392 2498 2442 auricu-

1431 2477 1505 2524 las
1531 2476 1772 2537 asininu,
1806 2481 1897 2524 aut
1917 2474 2141 2535 linguam
2166 2469 2391 2519 sitientis
2414 2483 2498 2519 ca-

1431 2550 1533 2599 nis.
1595 2551 1765 2600 sanna
1788 2555 1958 2597 autem
1991 2546 2185 2594 dicitnr
2222 2560 2278 2594 os
2310 2544 2501 2595 distor-

1433 2633 1543 2675 tum
1580 2641 1695 2674 cnm
1730 2624 1899 2680 vultu,
1933 2622 2067 2685 quod
2107 2620 2345 2682 facimus,
2378 2634 2495 2670 cum

1433 2702 1562 2750 alios
1577 2701 1893 2749 deridemus.
1944 2697 2074 2746 Inde
2098 2697 2370 2746 sanniones
2394 2695 2500 2744 dic-

1433 2776 1498 2835 ti,
1522 2776 1606 2838 qui
1642 2788 1742 2823 non
1783 2778 1980 2821 rectum
2019 2770 2217 2820 vultum
2256 2768 2499 2818 babeant.

1443 2851 1549 2901 Vet.
1573 2846 1977 2909 Sem—Ciconum]
2032 2844 2195 2895 Refer
2214 2845 2313 2894 boc
2334 2844 2398 2894 ad
2422 2844 2499 2894 di·

1437 2928 1572 2992 gitos
1608 2926 1661 2974 in
1697 2925 1902 2974 modum
1940 2922 2087 2972 rostri
2113 2920 2332 2971 ciconini
2353 2934 2503 2969 coac·

1438 3000 1791 3063 tom—PM]
1823 3000 2042 3050 Pinsere
2060 3006 2141 3048 est
2164 2997 2353 3060 avium,
2375 2996 2498 3046 dum

1435 3084 1658 3127 rostrum
1681 3076 1835 3126 alicui
1874 3074 1948 3124 rei
1984 3073 2169 3127 crebro
2191 3072 2503 3136 impingunt,

1438 3160 1493 3204 et
1517 3152 1700 3203 crebro
1723 3150 1917 3214 aliquid
1942 3149 2272 3214 percutiunt:
2327 3145 2393 3196 ab
2416 3160 2512 3195 an..

1439 3233 1477 3282 ti
1487 3247 1587 3296 quo
1608 3230 1765 3280 verbo
1789 3229 1962 3292 Pindo,
1994 3227 2046 3277 id
2071 3234 2171 3288 est,
2193 3224 2341 3288 serio,
2363 3223 2499 3273 unde

1415 3310 1602 3371 pistor
1636 3313 1688 3356 et
1722 3305 1985 3369 pistillum.
2052 3300 2333 3353 Diomedes
2354 3300 2504 3365 legit,

1437 3384 1630 3433 Pinnae.
1696 3380 1879 3429 Lubiu.

1502 3462 1568 3506 59
1617 3455 1737 3518 Nec,
1772 3453 1878 3516 fisa]
1928 3450 2216 3502 Secundum
2255 3449 2502 3500 irrisionis

1439 3547 1619 3597 genus,
1639 3531 1720 3580 cui
1745 3544 1847 3578 non
1883 3543 1909 3577 a
1946 3536 2094 3592 tergo
2128 3541 2306 3575 manus
2330 3525 2503 3575 irriso·

1439 3624 1551 3658 rum
1594 3613 1856 3671 proterva,
1887 3605 2027 3654 albas
2063 3604 2190 3652 asini
2228 3615 2377 3653 aures
2412 3616 2503 3652 ex-

1440 3684 1630 3749 pressit
1665 3689 1719 3732 et
1759 3681 1917 3744 capiti
1955 3678 2515 3744 apposuit.—Mol›ilis]‘

1438 3759 1729 3811 Notatione
1742 3755 1997 3822 significat
2013 3757 2140 3806 asini
2158 3770 2304 3806 aures
2318 3770 2381 3804 ex
2399 3770 2505 3805 mo·

1440 3844 1496 3885 tu
1516 3832 1938 3899 manus‚hominis
1952 3834 2086 3881 enim
2106 3847 2254 3881 aures
2273 3838 2393 3881 sunt
2410 3833 2501 3880 im·

1439 3912 1670 3961 mobiles.
1737 3909 1943 3959 Deinde
1966 3907 2096 3957 asini
2115 3922 2264 3958 aures
2288 3907 2501 3957 interius

1441 3987 1569 4037 albis
1609 3987 1722 4051 pilis
1761 3986 1973 4034 birsutae
2008 3991 2142 4034 sunt.
2208 3974 2515 4044 Tales'ergo-

1439 4081 1621 4115 uianus
1656 4063 1814 4128 capiti
1850 4063 2127 4127 applicata
2164 4059 2504 4109 movebantur

1439 4142 1603 4191 instar
1633 4140 1941 4189 asininarum
1982 4137 2195 4187 aurium.
2261 4136 2510 4198 Respicit

1440 4224 1612 4267 autem
1637 4217 1701 4266 ad
1722 4214 1947 4265 fabulam
1969 4213 2036 4262 de
2057 4212 2220 4263 Mida.
2265 4211 2412 4261 Idem.
2508 4216 2515 4221 '
