2992 4859
1201 366 1645 417 Juvnusms.
2337 349 2513 416 1213

311 512 674 582 intellexerit,
715 511 1147 572 commentitias
1175 511 1307 570 inde
1333 530 1403 570 ac
1430 510 1627 570 sutiles
1651 528 2065 589 nonuunquam
2096 510 2326 571 fabulas
2353 530 2512 571 com·

314 628 571 687 ponere:
614 617 894 687 praeterea
925 626 1057 667 eum
1088 626 1244 686 saepe
1273 627 1386 666 non
1427 608 1758 667 notissimas
1787 616 2013 667 tantum
2044 606 2309 668 historias
2333 618 2393 668 et
2419 627 2512 668 res

314 706 585 785 pluribus
628 725 919 781 exponere
967 704 1178 773 verbis,
1225 705 1345 766 sed,
1375 704 1693 763 verioribus
1741 724 1977 782 quoque
2024 724 2096 764 ac
2147 704 2511 776 certioribus,

314 822 448 881 quae
473 804 717 862 Tacitus
757 802 973 879 aliique
1010 801 1371 872 tradiderint,
1418 822 1601 879 nugas
1625 812 1688 861 et
1730 812 2081 874 commenta,
2131 823 2204 863 ex
2246 822 2518 880 perversa

314 900 527 959 horum
594 899 1068 977 interpretatione
1121 910 1311 971 enata,
1382 902 1505 959 sive
1535 899 1901 970 ⁸admiscere,
1958 900 2079 959 sive
2139 900 2513 960 substituere.

314 995 530 1074 Neque
571 994 723 1054 adeo
764 995 909 1054 mira
939 995 1065 1054 hoec
1108 995 1562 1065 videbunturei,
1611 996 1715 1073 qui
1743 1006 1866 1054 tum
1907 997 2246 1066 meminerit,
2292 1005 2518 1058 mature

316 1091 459 1150 satis
502 1091 751 1169 ineptire
791 1091 1040 1169 coepisse
1082 1090 1536 1160 Grammaticos,
1586 1101 1712 1150 tum
1757 1092 2116 1170 expenderit,
2165 1112 2301 1171 quae
2341 1112 2520 1172 supra

304 1187 435 1264 jam
474 1187 930 1258 observavimus,
978 1187 1271 1266 exemplar
1316 1189 1682 1248 Pithoeanum
1728 1187 2158 1248 mendosissime
2203 1188 2379 1249 fuisse
2417 1189 2521 1250 de·

318 1283 651 1361 scriptum,=
673 1293 733 1342 et
761 1283 896 1342 huic
928 1284 1270 1343 Scholiasta}
1312 1284 1466 1344 idem
1496 1284 1806 1354 accidisse,
1854 1283 2015 1362 quod
2047 1285 2337 1344 veteribus
2378 1305 2521 1345 con-

316 1381 450 1457 tigit
488 1382 925 1451 Grammaticis,
979 1391 1095 1440 tam
1142 1380 1387 1451 Graecis,
1431 1399 1608 1458 quam
1655 1379 1898 1450 Latinis,
1950 1388 2013 1437 ut
2053 1399 2168 1438 non
2209 1379 2519 1454 defuerint,

319 1496 422 1535 seu
454 1476 808 1545 scholastici,
837 1496 941 1535 seu
972 1476 1240 1536 monachi
1265 1486 1325 1536 et
1354 1475 1593 1547 librarii,
1624 1476 1727 1555 qui
1751 1476 1809 1534 in
1838 1476 2222 1554 excerpendis
2250 1478 2524 1538 transcri-

319 1571 651 1650 bendisque
700 1573 949 1633 Scholiis
999 1574 1243 1652 antiqua
1289 1592 1363 1632 ac
1417 1573 1610 1651 proba
1664 1573 1842 1630 modo
1894 1572 2303 1632 contraherent
2352 1576 2524 1635 omit-

319 1677 607 1739 terentve,
637 1669 835 1740 modo,
876 1669 1191 1729 innumeris
1230 1669 1381 1741 aliis,
1420 1679 1482 1729 et
1508 1670 1849 1747 plerumque
1876 1668 2257 1728 deterioribus
2287 1670 2525 1748 ineptis-

321 1784 441 1843 que
468 1765 674 1842 pannis
698 1764 930 1835 assutis,
970 1765 1125 1825 foede
1166 1773 1608 1843 corrumperent
1635 1775 1813 1843 atque
1853 1765 2285 1844 interpolarent.
2370 1768 2524 1837 Quae

323 1872 463 1922 cum
492 1864 577 1922 ita
602 1862 735 1933 sint,
764 1880 973 1940 parum
1000 1861 1275 1940 profecto
1306 1862 1574 1922 utilitatis
1600 1882 1671 1921 ex
1697 1863 1808 1921 hac
1830 1860 2131 1938 farragine,
2159 1882 2295 1940 quae
2315 1867 2528 1924 veteris

324 1954 678 2022 Scholiastoe
703 1977 913 2016 nomen
942 1976 1061 2034 prae
1088 1977 1151 2017 se
1178 1956 1308 2030 fert,
1336 1959 1565 2036 percipi
1587 1965 1800 2036 potest,
1823 1958 1932 2016 nisi
1959 1958 2032 2016 ad
2056 1977 2184 2017 eam
2207 1960 2526 2019 accesseris

326 2064 449 2118 tam
477 2053 678 2114 subtili
702 2053 933 2132 ingenio
957 2062 1017 2111 et
1045 2063 1161 2115 tam
1191 2065 1469 2113 accurata
1498 2074 1738 2132 quoque
1766 2055 2034 2114 doctrina
2062 2055 2401 2127 instructus,
2442 2065 2526 2127 ut,

328 2171 465 2229 quae
502 2149 782 2220 tollenda,
827 2168 1080 2227 quaeque
1115 2149 1500 2227 relinquenda
1529 2148 1669 2218 sint,
1715 2149 1849 2208 satis
1884 2148 2243 2228 exploratum
2288 2151 2527 2212 habeas.

328 2245 420 2304 Ex
446 2246 534 2304 his
562 2247 730 2304 simul
759 2245 1118 2323 intelligitur,
1162 2263 1338 2323 quam
1369 2263 1577 2322 parum
1605 2244 1702 2303 ille
1731 2245 2022 2304 videretur
2048 2265 2243 2322 operae
2272 2247 2530 2327 pretium

327 2340 615 2409 facturus,
660 2341 762 2419 qui
802 2339 1086 2401 infinitam
1115 2340 1273 2399 illam
1310 2340 1683 2398 Scholiorum
1722 2339 2169 2411 multitudinem,
2216 2343 2533 2406 multorum

329 2436 527 2497 Codd.
557 2437 707 2496 Mss.
735 2436 977 2516 margini
1016 2436 1356 2514 ascriptam,
1399 2434 1671 2512 colligere
1712 2445 1772 2494 et
1813 2436 2133 2496 Pithoeanis
2173 2448 2430 2499 attexere
2469 2441 2530 2501 in

329 2533 590 2598 animum
618 2533 945 2593 induceret.
1028 2533 1088 2592 Si
1126 2532 1257 2609 quis
1285 2542 1478 2592 tamen
1520 2532 1954 2609 circumspecto
1981 2541 2266 2611 rectoque
2297 2533 2531 2610 judicio

332 2628 602 2694 adhibito
632 2630 787 2690 bona
816 2650 890 2688 ex
930 2630 1000 2689 iis
1027 2649 1339 2707 excerpere
1372 2649 1440 2688 ac
1471 2629 1708 2706 vulgare
1736 2629 1928 2697 vellet,
1971 2648 2086 2687 non
2114 2629 2344 2701 dubito,
2390 2633 2531 2709 quin

332 2725 700 2803 aliquantum
737 2724 875 2785 inde
915 2725 1141 2786 fructus
1188 2726 1319 2803 capi
1361 2726 1564 2804 possit.
1650 2725 1802 2784 Mihi
1844 2724 2082 2803 quidem
2119 2725 2194 2785 ad
2237 2726 2349 2785 hoc
2388 2746 2534 2786 con·

334 2824 527 2884 silium
552 2824 890 2902 agitandum
931 2824 1455 2902 exequendumque
1489 2832 1552 2883 et
1578 2822 1821 2895 animus,
1862 2830 1922 2881 et
1949 2821 2153 2892 otium,
2193 2833 2254 2881 et
2281 2820 2533 2883 facultas

336 2920 595 2980 defuere.

1352 3021 1527 3084 1587.
1993 3057 1998 3064 -

426 3112 847 3173 Pulmanniana
877 3128 970 3171 ιν.
1013 3109 1318 3172 Juvenum
1355 3118 1412 3170 et
1440 3110 1714 3170 Persius.
1796 3112 2079 3188 Antverp.
2108 3131 2178 3170 ex
2204 3112 2311 3191 qffi
2344 3103 2536 3193 cleph.

344 3210 896 3278 Plautini—1587.

426 3308 785 3366 Memoratur
813 3303 1131 3365 Henninio.

1350 3407 1525 3472 1590.

427 3498 844 3558 Pulmanniana
882 3513 948 3557 v,
1007 3498 1185 3558 Jnmii
1235 3496 1536 3557 Juvenal&
1592 3495 1945 3574 Satyramm
2001 3495 2180 3556 Libri
2221 3513 2285 3556 v,
2342 3497 2542 3560 Persii

344 3592 542 3654 Haece·
594 3594 952 3672 Satyrarum
999 3593 1147 3652 liber
1193 3612 1365 3653 unus.
1452 3591 1724 3669 Lugduni
1776 3593 1943 3671 apud
1992 3594 2538 3659 Plautinum—12.

351 3698 527 3760 1590.

432 3788 503 3844 V.
532 3787 721 3846 Catal.
752 3784 904 3845 Bibl.
938 3786 1263 3845 Hasaeanae.
1344 3786 1540 3845 Brem.
1575 3793 1749 3854 1732.
1780 3805 1841 3864 p.
1870 3784 2009 3854 639.
2039 3805 2101 3844 n.
2132 3785 2228 3847 36.

429 3885 459 3918 ⁸
489 3882 698 3941 Pithoei
744 3897 823 3941 11.
866 3887 949 3954 (n.
981 3879 1108 3954 76.)
1156 3885 1228 3941 A.
1258 3882 1462 3941 Persii
1511 3880 1866 3957 Satyrorum
1911 3880 2095 3940 Liber
2137 3898 2183 3941 1.
2230 3883 2322 3941 D.
2364 3883 2542 3942 Junii

349 3978 650 4039 June-alie
699 3976 1052 4055 Satyrorum
1096 3976 1234 4036 Lib.
1276 3993 1340 4033 V.
1392 3975 1676 4054 Sulpiciae
1726 3977 1946 4052 Satyra
1989 3992 2037 4034 1.
2088 3995 2213 4035 cum
2258 3978 2543 4037 veteribus

349 4074 779 4133 commentariis
804 4091 963 4132 nunc
985 4074 1249 4151 primum
1273 4072 1470 4133 editis.
1552 4069 1649 4129 Ex
1677 4070 2022 4131 bibliotheca
2051 4072 2135 4130 P.
2171 4072 2399 4130 Pithoei
2424 4070 2542 4132 JC.

350 4173 521 4249 cnjus
561 4171 738 4230 etiam
768 4175 938 4229 awtae
978 4169 1246 4248 quaedmn
1269 4167 1521 4246 adjectae
1561 4173 1722 4226 sunt.
1803 4166 2057 4244 (Insigne
2085 4164 2462 4226 Audi-eanum
2491 4187 2542 4226 s.
