2992 4859
435 348 609 418 1178
1108 366 1491 418 aecensus
1539 363 1968 418 nol-monum

512 508 738 570 Eodem
786 508 939 569 forte
984 528 1140 570 anno
1186 510 1346 592 typis
1393 528 1671 588 expressa
1697 517 1787 568 eet
1813 506 1928 568 alia
1954 504 2149 569 Editio
2175 506 2463 580 Romnum
2493 526 2636 587 quw

432 605 610 685 vulgo
637 606 881 667 habetur
903 607 1164 667 omnium
1193 607 1489 687 princeps,
1532 615 1593 666 et
1621 605 1901 683 inscripta
1928 613 2054 664 eet:

512 701 813 763 Juvenalis
862 702 1103 782 Satyrae
1150 711 1209 763 et
1259 703 1459 764 Flacci
1506 703 1713 763 Persii
1765 700 2424 762 Volaterrani-Romae
2465 699 2638 780 apud

440 796 778 859 Udalricum
812 798 1236 860 Gallum-fol.
1264 802 1494 877 (1470.)

513 896 608 956 De
633 916 702 956 ea
720 897 838 958 vid.
864 897 1226 976 Hamberger
1250 897 1289 956 l.
1310 898 1353 958 l.
1374 906 1435 956 et
1461 895 1758 957 Maittaire
1779 898 1937 956 Ann.
1960 905 2194 977 typogr.
2215 896 2294 956 T.
2319 913 2368 956 1.
2398 915 2457 974 p.
2487 901 2631 964 297.

433 992 537 1070 qui
563 1002 759 1055 tamen
802 1003 1099 1055 externam
1140 1003 1367 1060 tautum
1412 993 1546 1054 libri
1587 993 1861 1080 speciem,
1900 1012 1972 1053 ac
1999 1012 2072 1052 ne
2100 993 2238 1052 satis
2267 991 2506 1072 quidem
2533 1010 2634 1050 ac-

430 1100 653 1165 curate,
682 1091 1046 1166 describunt,
1073 1112 1185 1153 nec
1212 1092 1288 1152 de
1315 1092 1526 1153 critico
1548 1077 1682 1168 ejus'
1707 1111 1815 1151 usu
1843 1091 2055 1151 soliciti
2083 1091 2265 1150 fuere.
2307 1087 2630 1160 Quomodo

429 1184 631 1265 itaque
679 1188 807 1248 boec
854 1188 1034 1249 editio
1071 1208 1108 1249 a
1135 1188 1427 1268 superiore
1454 1187 1707 1259 differat,
1750 1196 1812 1248 et
1839 1187 2136 1267 quodnam
2165 1187 2218 1245 ei
2246 1184 2626 1246 statuendum

429 1281 505 1341 sit
532 1284 805 1362 pretium,
850 1284 1043 1346 dicere
1090 1304 1206 1344 non
1256 1284 1469 1357 habeo,
1516 1304 1652 1344 cum
1682 1284 1942 1344 nondum
1971 1303 2007 1343 a
2035 1303 2336 1363 quoquam
2364 1301 2504 1342 cum
2531 1281 2630 1342 illa

428 1380 519 1437 vel
547 1380 795 1459 vulgatis
822 1381 993 1443 editt.
1023 1389 1362 1460 comparata
1388 1380 1482 1452 sit,
1526 1381 1686 1459 quod
1716 1379 1938 1440 factum
1966 1380 2195 1440 vellem.

506 1479 731 1538 Veneta
760 1494 808 1540 1.
847 1478 932 1556 (in
959 1480 1096 1539 Var.
1126 1478 1286 1537 Lect.
1314 1496 1374 1539 n.
1405 1478 1531 1551 51.)
1567 1478 1878 1539 Juvenalis
1906 1476 2164 1556 Satyrae,
2197 1495 2314 1556 per
2341 1476 2628 1536 Simonem

427 1569 762 1654 Biuilaqua
807 1575 908 1653 (al.
957 1573 1364 1654 Beuilaquam)
1430 1575 1803 1655 Pupienum,
1851 1575 2111 1637 venetiis
2161 1576 2284 1634 sine
2329 1574 2624 1635 mentione

421 1668 740 1731 anni-fol.

505 1767 679 1828 Hanc
706 1768 1044 1842 editionem,
1085 1788 1122 1829 a
1149 1769 1222 1831 C.
1250 1770 1330 1829 G.
1361 1770 1719 1842 Schwarzio,
1748 1770 2072 1831 academiae
2101 1769 2395 1849 quondam
2425 1767 2626 1829 Altor·

422 1861 559 1923 finae
602 1864 788 1937 Prof.,
832 1867 943 1927 sibi
992 1887 1130 1928 cum
1175 1867 1321 1940 aliis,
1380 1866 1531 1928 infra
1578 1867 1985 1939 memorandis,
2028 1867 2482 1946 suppeditatam,
2534 1865 2624 1925 in·

424 1961 611 2039 spexit
640 1964 913 2036 Beckius,
956 1985 1027 2025 ex
1057 1966 1231 2044 cujus
1275 1965 1518 2026 Dissert.
1567 1985 1702 2043 quae
1749 1966 2025 2044 inscripta
2067 1975 2191 2024 est:
2237 1972 2253 1998 ‘
2278 1964 2622 2024 Observatt.

421 2058 708 2141 philolog.
760 2062 821 2124 in
874 2065 1114 2143 Satyrus
1157 2061 1452 2123 luvenalis
1506 2060 1656 2121 duas
1701 2060 1943 2141 priores,
2006 2060 2483 2140 quas—praeside
2527 2061 2618 2120 M.

422 2155 627 2217 Ulrico
676 2159 932 2219 Sebasti.
978 2159 1192 2220 Beckio
1241 2158 1717 2238 Norimbergensi
1750 2159 1986 2238 publice
2030 2156 2438 2237 disquirendas
2490 2176 2624 2237 pro-

417 2252 589 2330 ponit
613 2254 708 2314 Jo.
737 2255 869 2315 Jac.
914 2256 1097 2326 Hane,
1139 2253 1381 2315 Altorfii
1429 2259 1626 2323 1732!
1664 2263 1722 2314 4.
1765 2274 1871 2314 nos
1916 2274 2330 2333 nonnunquam
2377 2255 2438 2314 in
2480 2256 2617 2315 Var.

416 2348 585 2410 Lect.
634 2370 765 2410 eam
809 2352 1195 2413 laudavimus.
1283 2354 1351 2411 In
1392 2351 1683 2423 omnibuS,
1728 2352 1944 2431 quibus
1972 2371 2100 2412 eam
2133 2351 2387 2413 Beckius
2413 2372 2622 2413 consu-

413 2444 540 2518 luit,
582 2446 720 2508 locis
745 2449 979 2510 easdem
1007 2451 1245 2511 exhibet
1270 2450 1576 2522 lectiones,
1622 2469 1756 2529 quae
1800 2450 1856 2510 iu
1897 2449 2040 2509 edit.
2084 2449 2363 2510 Locatelli
2404 2451 2616 2510 Venet.

420 2550 595 2613 1492.
625 2546 1012 2623 reperiuntur,
1052 2547 1164 2608 nisi
1192 2549 1353 2626 quod
1403 2551 1528 2609 Sat.
1580 2563 1658 2608 11.
1714 2545 1848 2609 164.
1899 2547 1955 2606 in
1984 2547 2097 2608 hac
2127 2546 2356 2607 Zelatee
2383 2547 2614 2626 legitur,

190 2709 201 2722 ·
320 2633 329 2638 ’
413 2648 476 2699 et
502 2639 561 2699 in
592 2640 686 2701 illa
715 2641 975 2705 Zalatet.
1060 2646 1274 2725 Neque
1316 2645 1487 2706 etiam
1536 2646 1724 2725 prima
1766 2643 1911 2705 edit.
1959 2646 2179 2704 Veneta
2207 2663 2332 2704 esse
2366 2644 2612 2715 videtur,

410 2736 522 2797 etsi
548 2737 629 2798 ita
655 2758 787 2799 eam
812 2741 1039 2803 vocavi.
1123 2742 1333 2803 Annus
1359 2743 1418 2804 in
1446 2743 1571 2804 aliis
1597 2742 1767 2804 editt.
1795 2750 1945 2803 antt.
1971 2741 2133 2813 addi,
2182 2741 2240 2800 in
2267 2741 2393 2801 aliis
2420 2740 2614 2802 omitti

412 2833 578 2928 solet.
627 2838 702 2896 V.
731 2838 939 2919 Heyne
966 2839 1023 2898 in
1052 2839 1224 2902 Praef.
1252 2839 1335 2901 ad
1349 2841 1580 2902 Tibull.

489 3030 805 3092 Brixiensis
834 3049 882 3092 1.
925 3033 1232 3095 Juvenatis
1280 3042 1339 3095 et
1388 2945 1590 3096 11)ῒῖἒὲ
1636 3032 1873 3114 Satyra
1889 3055 1910 3094 .·
1932 3033 2183 3115 jicbente
2226 3032 2608 3113 Presbytero,

304 3195 317 3206 .
409 3126 601 3187 Petro
635 3129 808 3202 Villa,
841 3133 967 3191 sine
991 3134 1167 3204 notis,
1214 3132 1635 3194 Brixia-fol.
1670 3139 1847 3200 1473.

489 3225 637 3286 Haec
666 3245 906 3304 quoque
932 3226 1111 3287 editio
1135 3228 1398 3289 nondum
1425 3249 1461 3289 a
1489 3248 1813 3310 quoquam,
1844 3226 2004 3308 quod
2026 3226 2233 3298 sciam,
2262 3227 2477 3288 collata
2495 3236 2608 3290 est.

403 3321 779 3383 Describitur
837 3322 1075 3401 quidem
1122 3324 1178 3383 in
1230 3325 1484 3403 Specim.
1528 3326 1742 3386 literar.
1805 3323 2118 3384 Brixiensis
2165 3324 2233 3384 P.
2266 3341 2312 3384 1.
2370 3344 2435 3403 p.
2473 3332 2608 3387 125.

404 3435 538 3497 sqq.
568 3417 671 3478 sed
702 3436 819 3478 non
847 3418 948 3491 ita,
980 3430 1049 3479 ut
1070 3419 1338 3484 criticum
1368 3420 1499 3498 ejus
1527 3442 1695 3482 usum
1726 3420 1862 3481 inde
1892 3439 2247 3501 cognoscere
2275 3420 2475 3482 liceat.

481 3611 936 3674 Mediolanensis
966 3631 1013 3674 1.
1065 3616 1148 3692 (in
1177 3617 1316 3677 Var.
1343 3528 1619 3679 &2⁴:⁶72
1648 3618 1771 3692 52.)
1811 3616 2116 3678 Juvenalu
2159 3621 2218 3676 et
2260 3616 2463 3677 Percu
2497 3615 2606 3678 Sa-

270 3721 281 3732 ·
398 3711 960 3787 tyrae—-Mediolani
979 3731 1096 3792 per
1121 3712 1354 3775 Ancon.
1402 3714 1692 3780 Zaratum
1735 3714 2105 3790 (Zarothum)
2150 3711 2606 3774 Pamensent—

394 3803 498 3864 fol.
532 3815 559 3864 1

476 3813 706 3982 Νεζῖιί
733 3904 924 3982 liujus,
971 3926 1164 3986 neque
1206 3909 1558 3990 reliquarum
1586 3908 1912 3970 editionum
1944 3906 2470 3967 Mediolanenslum
2500 3905 2601 3985 (do

394 3997 610 4108 quibua
637 4019 693 4061 v.
724 4002 882 4061 Saxii
913 4002 1050 4063 bist.
1083 4013 1312 4084 typogr.
1344 4004 1592 4067 Mediol.
1596 4010 1621 4081 )
1647 4006 1939 4085 exempla,
1967 4005 2078 4065 etsi
2104 4003 2414 4083 diligenter
2441 4022 2604 4083 qun-

391 4091 521 4165 εἰει,
562 4093 823 4158 invenire
863 4095 1005 4159 mihi
1049 4101 1322 4180 contigit.
1407 4102 1626 4164 Vellem
1673 4103 1893 4181 itaque,
1939 4111 2024 4172 ut,
2068 4099 2117 4159 si
2144 4099 2242 4159 cui
2283 4099 2358 4158 ad
2389 4117 2600 4163 manua

392 4189 529 4268 sint,
570 4192 783 4256 critica
809 4213 947 4258 cum
976 4214 1120 4260 cure
1145 4215 1249 4262 eas
1273 4206 1593 4265 excuteret.
1674 4199 1959 4263 Sitamen
1983 4216 2058 4261 ex
2083 4196 2198 4263 illis
2242 4195 2597 4270 lectissssffim
