2992 4859
1063 363 1068 372 ·
1151 391 1154 400 ,
1218 349 1318 398 ΒΕ
1363 349 1650 400 mmslo.

783 489 883 540 Ille
903 504 1000 554 ego
1021 490 1108 555 qui
1129 491 1182 539 in
1203 489 1398 554 Satyris
1417 505 1521 541 non
1544 491 1754 540 ultimus
1772 506 1886 541 esse
1909 491 2083 556 poetis

851 570 1015 620 Dicor
1036 576 1090 619 et
1113 569 1378 620 obscurum
1405 572 1752 634 composuisse
1774 572 1979 622 librum.

784 650 865 699 Ex
887 650 1075 699 Flacco
1099 650 1314 713 gravida
1337 652 1539 714 peperit
1563 666 1644 700 me
1670 652 1850 701 Fulvia
1875 658 2078 712 mater;

850 730 933 779 Tu
955 730 1096 793 mihi,
1118 731 1344 779 Cornute
1370 731 1543 792 docte,
1564 732 1807 793 magister
1829 745 1945 780 eras
1966 748 1980 779 z

787 811 1025 863 Quatuor
1041 811 1094 859 in
1115 811 1284 860 studio
1308 826 1404 860 nec
1426 812 1591 861 adhuc
1618 827 1713 875 ego
1736 814 1897 860 lustra
1917 812 2127 875 peregi:

851 889 1083 955 Cumque
1105 905 1232 954 opus
1255 892 1388 940 haud
1413 890 1565 940 facile
1586 890 1779 954 fingere
1806 893 1955 940 Musa
1977 890 2142 941 dedit.

783 967 922 1019 Ante
943 978 1276 1033 expectatum
1303 971 1540 1020 Lachesis
1574 986 1656 1020 me
1682 972 1870 1035 pressit
1892 972 2081 1022 acerbo

850 1050 1087 1101 Funere:
1123 1051 1250 1114 Dic,
1277 1051 1416 1101 Persi
1438 1051 1654 1117 (Lector
1688 1051 1875 1116 amice)
1896 1053 2014 1101 eale.

660 1180 721 1231 1u
743 1194 925 1232 aversa
947 1181 1133 1245 pagina
1163 1179 1355 1244 legitur
1367 1179 1749 1244 Argumentum
1773 1182 1829 1230 in
1848 1195 1979 1246 opus
1997 1179 2194 1231 Persii:

790 1294 1017 1357 Corrigit
1042 1295 1095 1341 in
1116 1294 1269 1356 prima
1293 1293 1564 1342 laudantes
1585 1294 1736 1342 molle
1758 1293 1975 1357 poema:

787 1376 1071 1425 Perversos
1091 1387 1259 1423 mores
1271 1388 1332 1422 ac
1349 1373 1509 1436 impia
1532 1382 1654 1423 vota
1673 1377 1908 1424 munda.-

789 1455 976 1505 Molles
1001 1462 1056 1505 et
1079 1455 1258 1518 pigros
1280 1455 1551 1504 satirarum
1575 1456 1721 1504 tertia
1742 1456 1949 1505 mordet
1969 1472 1983 1504 ε

791 1536 1023 1600 Corrigit
1043 1537 1096 1585 in
1118 1541 1288 1598 quarta
1300 1537 1550 1599 juvenem
1567 1537 1693 1588 satis
1716 1535 2040 1585 ambitiosum
2054 1552 2071 1584 .·

790 1614 1064 1667 Libertate
1088 1632 1217 1681 opus
1239 1625 1319 1666 est
1338 1632 1400 1665 ex
1420 1618 1586 1681 quinta
1608 1616 1981 1680 philosophanti
2002 1632 2015 1664 z

790 1697 894 1750 Qui
916 1698 1086 1750 miseri
1110 1699 1291 1748 vivunt
1315 1713 1407 1763 per
1427 1704 1613 1748 sextam
1636 1698 1771 1748 rodit
1797 1711 1996 1747 avaros.

402 1825 620 1889 Prologi
650 1825 883 1874 Persiani
923 1827 1077 1876 litera
1110 1827 1318 1878 initialis
1343 1828 1394 1877 N

339 1902 593 1967 quadrata
610 1901 887 1964 coloribus,
923 1917 1203 1967 purpureo,
1221 1904 1397 1954 viridi-

339 1992 441 2046 que
464 1984 520 2028 et
542 1991 665 2026 auro
688 1976 937 2027 distincta
959 1986 1059 2043 est,
1092 1987 1147 2028 et
1176 1985 1396 2045 uterque

338 2056 542 2122 paginae
559 2055 737 2119 primae
761 2071 936 2118 margo
957 2055 1168 2107 fioribus
1188 2059 1398 2121 pulchre

341 2131 406 2179 ad
427 2130 596 2179 vivum
618 2130 772 2194 pictis
793 2137 1016 2179 ornatus.
1063 2132 1257 2180 Textus
1279 2132 1398 2179 dein

341 2206 522 2272 glossis
561 2205 855 2256 verbalibus
907 2206 1073 2271 iisque
1122 2207 1399 2256 levioribus

343 2281 778 2346 interfluentibus,
792 2283 948 2348 credo
970 2283 1022 2332 in
1041 2298 1187 2332 usum
1212 2284 1400 2347 princi-

1478 1828 1559 1891 pis
1582 1827 1791 1890 alumni,
1813 1839 2116 1891 perspersus
2150 1822 2272 1872 nihil
2303 1821 2413 1873 fere
2437 1823 2535 1872 sin-

1479 1906 1660 1968 gulare
1694 1904 1871 1964 habet,
1909 1901 2044 1967 quod
2072 1901 2407 1951 casaubonus
2432 1913 2534 1947 non

1480 1980 1690 2041 viderit,
1741 1988 1797 2030 et
1842 1976 2179 2042 judicaverit,
2232 1977 2535 2039 plerumque

1477 2055 1797 2119 improbarit.
1829 2053 2133 2118 speciminis
2170 2060 2341 2114 tamen
2380 2064 2538 2100 causa

1479 2133 1748 2200 prologum
1766 2132 1965 2193 damus,
1981 2146 2098 2180 cum
2117 2130 2301 2180 tertius
2323 2141 2539 2192 praeser-

1479 2209 1571 2257 tim
1618 2225 1792 2258 versus
1830 2209 1985 2258 aliam
2020 2208 2314 2266 lectionem,
2349 2205 2541 2253 Casan·

1480 2286 1614 2334 bono
1633 2293 1775 2335 certe
1792 2285 1923 2335 haud
1941 2289 2291 2346 memoratam,
2310 2278 2499 2331 inferat
2520 2295 2539 2332 ι

858 2398 975 2447 Nec
994 2395 1137 2446 fonte
1160 2398 1305 2447 labra
1329 2399 1499 2463 prolui
1518 2401 1771 2450 caballino

858 2476 978 2527 Nec
999 2478 1050 2526 in
1073 2477 1276 2541 bicipiti
1298 2479 1577 2527 somniasse
1599 2494 1821 2543 parnaso

858 2557 1074 2607 Memini
1092 2571 1167 2606 me
1186 2563 1240 2607 ut
1261 2557 1330 2606 sic
1345 2564 1537 2621 repente
1557 2559 1712 2622 poeta
1734 2558 1995 2622 prodirem

861 2637 1331 2704 Heliconiaduque
1356 2639 1705 2705 pallidumque
1731 2640 1960 2704 pirenem

859 2718 970 2769 Illis
995 2720 1203 2783 relinquo
1223 2734 1437 2784 quorum
1459 2721 1706 2783 imagines
1732 2719 1963 2769 lambunt

861 2800 1086 2849 Hederae
1111 2815 1376 2865 sequaces,
1398 2801 1511 2864 ipse
1530 2800 1882 2864 semipagonns

861 2879 947 2930 Ad
971 2895 1115 2930 sacra
1127 2880 1300 2941 fatum
1324 2895 1532 2930 carmen
1554 2879 1713 2931 affero
1737 2887 1987 2930 nostrum.

863 2960 991 3013 Quis
1012 2959 1280 3023 expedivit
1304 2961 1528 3024 psittaco
1546 2975 1688 3009 suum
1707 2960 1860 3008 cha-re

861 3040 1119 3105 Picusque
1140 3041 1315 3090 docuit
1338 3048 1514 3089 nostra
1536 3040 1693 3089 verba
1716 3039 1928 3089 conari?

861 3121 1116 3184 Magister
1138 3122 1281 3182 artis,
1306 3122 1601 3187 ingeniique
1618 3122 1835 3184 largitor

862 3202 1082 3264 Venter,
1103 3211 1314 3267 negatas
1337 3202 1524 3253 artifex
1560 3204 1704 3267 sequi
1728 3215 1900 3251 voces.

862 3280 1016 3332 Quod
1040 3282 1079 3329 si
1105 3282 1269 3330 dolosi
1291 3297 1408 3345 spes
1432 3281 1693 3331 refulserit
1727 3281 1899 3331 numi:

861 3363 1056 3413 Corvos
1080 3362 1281 3426 poetas,
1302 3372 1359 3411 et
1382 3362 1642 3428 poeti-idas
1665 3363 1808 3426 picas

861 3442 1088 3492 Cantare
1111 3441 1295 3491 credas
1310 3457 1667 3507 pei-pegaseum
1691 3442 1869 3491 melos.

411 3554 695 3604 Satirarum
729 3553 850 3603 dein
883 3554 1046 3602 litem
1081 3550 1406 3616 initiales‘O,

257 3700 264 3703 ῃ
349 3628 423 3693 Η,
448 3630 517 3693 Ν,
539 3631 604 3692 R,
624 3629 691 3693 V,
713 3629 755 3677 Α
777 3628 989 3692 desunt,
1023 3628 1160 3693 quod
1195 3627 1406 3678 artificis

1484 3567 1662 3603 manus
1700 3550 1973 3602 deiecerit.
2040 3548 2102 3597 In
2138 3547 2246 3598 Sat.
2284 3559 2325 3595 1.
2357 3547 2407 3594 2.
2430 3556 2543 3607 sqq.

1483 3630 1559 3679 sic
1580 3628 1899 3693 interpuncti
1920 3627 2194 3690 leguntur:

740 3731 870 3784 Quis
889 3733 1034 3795 leget
1057 3733 1189 3782 hec?
1224 3733 1327 3783 min
1352 3739 1408 3783 tu
1428 3733 1566 3782 istud
1592 3734 1706 3784 ais?

738 3814 940 3863 Nemo?
974 3813 1186 3862 hercule
1221 3827 1387 3863 nemo.

735 3893 833 3941 Vei
855 3895 955 3942 duo
981 3894 1095 3942 vel?
1133 3893 1316 3942 Nemo.
1346 3899 1496 3958 turpe
1520 3899 1574 3943 et
1597 3891 1905 3943 miserabile.
1929 3885 2124 3954 quare?

412 4005 516 4055 Sed
552 4005 812 4055 mittamus
834 4016 1013 4057 cetera
1042 4007 1248 4057 Codicis
1286 4023 1409 4070 apo-

352 4083 553 4146 graphi,
587 4082 758 4133 forsan
797 4098 864 4132 ex
902 4085 987 4134 ed.
1032 4086 1203 4149 aliqua
1241 4091 1414 4134 vetus-

351 4159 484 4210 tiore
509 4159 775 4225 descripti,
791 4176 907 4211 cum
926 4175 1105 4225 parum
1128 4160 1247 4211 inde
1266 4175 1413 4211 aece-

1490 4008 1616 4058 dere
1640 4013 1796 4072 queat
1833 4004 1901 4053 ad
1934 3998 2308 4051 emendandum
2327 3973 2553 4055 textum,

1490 4083 1678 4135 menda
1700 4084 1850 4149 plura
1866 4081 1978 4145 ipse
1998 4074 2275 4128 admiserit.
