2992 4859
411 376 589 448 1254

418 536 744 604 ’Editiones
789 535 1019 602 Soeculi
1058 554 1187 602 xv.
1233 558 1355 603 nec
1404 539 1574 603 inter
1615 539 1877 603 cimelia
1923 537 2224 623 Maphaei
2251 538 2520 616 Pinelli,
2545 542 2630 602 uf

413 647 690 726 apparet
745 661 788 706 a
845 639 1169 721 Gatalogo
1227 639 1556 723 Baptistae
1621 636 2018 718 Audiffredi,
2074 645 2143 704 et
2200 639 2623 704 Bibliotheca

415 742 842 816 Pinelliana.⁹
885 741 1185 825 Ideoque
1213 741 1348 804 alia
1374 740 1626 805 indicia
1654 741 1998 808 vetustatis
2025 741 2625 825 praetermittentes,

415 848 721 929 (quorum
768 843 1035 927 quidem
1076 844 1288 907 multa
1327 841 1514 927 sunt)
1562 845 1980 908 tetrastichon
2007 850 2260 908 tantum
2305 842 2626 906 characen»

416 945 717 1024 risticum,
761 945 942 1029 quod
982 945 1542 1030 transcripsimus»,
1589 946 1977 1031 subjicimus
2028 943 2493 1012 Lectori.—A.
2538 944 2626 1009 P.

419 1047 503 1132 F.
535 1047 914 1132 Satyros-um
944 1048 1145 1114 Liber
1172 1048 1320 1113 finit
1346 1048 1647 1113 feliciter.
2523 1091 2534 1105 -

513 1148 839 1215 Gerhardi
867 1150 1326 1216 Tetrastichon
1356 1151 1443 1214 ad
1477 1147 1824 1214 Germanos
1849 1150 2156 1215 librarios
2184 1152 2525 1233 ingenuos.

679 1251 858 1317 Ecce
886 1253 1008 1316 tibi
1040 1252 1362 1336 Princeps
1392 1252 1778 1336 Satyrarum
1806 1252 2041 1316 codice
2068 1271 2285 1337 parvo

765 1354 1072 1420 Persius!
1117 1359 1259 1419 arte
1286 1373 1461 1419 nova
1484 1354 1849 1437 im1Jressus
1875 1358 1943 1418 et
1967 1354 2269 1436 ingenue.

682 1457 945 1523 Felices
973 1461 1169 1541 igitur
1195 1456 1640 1537 Alamannos,
1660 1463 1801 1522 arte
1833 1456 2167 1552 Magistra

568 1553 580 1566 '
771 1558 913 1639 Qui
943 1560 1166 1625 studia
1194 1566 1506 1626 ornantes
1531 1561 1717 1627 fertis
1744 1562 1815 1624 in
1844 1565 2026 1625 astra
2051 1560 2406 1643 gradum.¹0

513 1661 649 1727 Sed
694 1662 843 1728 haec
872 1669 940 1728 et
980 1664 1147 1728 talia
1188 1664 1694 1748 bibliographiS,
1722 1664 1783 1728 si
1825 1663 1944 1746 qui
1973 1665 2106 1728 sint
2148 1664 2539 1730 curiosiores
2568 1670 2640 1730 et

429 1765 896 1843 accuratiores„
925 1765 1358 1851 relinquenda
1376 1766 1852 1852 judicavimus.

514 1863 806 1934 Andreae
853 1866 1038 1932 Galli
1082 1868 1280 1932 etiam
1307 1868 1462 1933 edit.
1513 1867 1836 1933 Ferrariae
1881 1886 2160 1946 excusa,
2203 1868 2342 1933 4to.
2370 1867 2568 1932 1474.
2598 1885 2642 1931 a

432 1965 761 2052 Rupertio
803 1988 938 2034 non
964 1976 1261 2036 notatur:
1308 1978 1375 2036 et
1417 1972 1570 2037 duae
1602 1973 1709 2038 vel
1756 1977 1891 2036 tres
1921 1972 2072 2036 alise
2100 1971 2242 2036 sine
2271 1970 2424 2035 anni
2450 1975 2641 2050 nota,

428 2068 501 2134 in
532 2070 848 2137 Biblioth.
879 2071 1121 2154 Spenc.
1148 2078 1421 2144 notaoee:
1458 2092 1595 2137 una
1620 2074 1822 2138 etiam
1848 2074 1935 2137 ab
1965 2070 2408 2138 Audiffredi.¹¹
2561 2103 2562 2106 ¹

517 2171 588 2238 N
590 2192 670 2237 ec
716 2173 764 2240 J
767 2193 875 2238 uv.
928 2173 1068 2239 Sat.
1120 2174 1334 2241 Paris.
1384 2176 1568 2262 apud
1623 2174 2053 2242 Guillelmum
2110 2173 2454 2256 Rubeum,
2497 2176 2644 2240 4to.

520 2372 757 2460 Angeli
790 2373 1015 2439 Sabini
1045 2375 1408 2443 Paradoxis
1433 2380 1507 2445 in
1531 2379 1933 2464 Iuvenalem
1983 2378 2276 2458 (Romae,
2325 2375 2559 2462 1474.)
2601 2397 2649 2443 a

434 2473 764 2560 Rupertio
811 2479 1078 2559 notatis,
1129 2480 1333 2547 liceat
1374 2480 1448 2546 in
1496 2484 1777 2549 transitu
1818 2483 1928 2548 hic
1974 2483 2176 2546 etiam
2200 2485 2429 2547 notare
2460 2479 2650 2545 aliud

434 2577 690 2656 (forsan
720 2575 1136 2663 Paradoxon)
1182 2584 1298 2648 cui
1340 2583 1637 2664 TituluS,
1680 2584 1971 2651 Juvenal
2015 2585 2086 2649 in
2130 2583 2361 2666 volgar
2390 2581 2654 2666 Lingua

432 2699 555 2763 per
576 2677 786 2763 Ripa,
818 2683 963 2747 sine
987 2686 1140 2749 anni
1154 2690 1315 2750 nota
1331 2690 1407 2751 ut
1425 2686 1721 2769 videtum
1751 2687 1832 2751 de
1854 2707 2014 2772 quo,
2035 2692 2111 2750 ut
2129 2685 2291 2750 nihil
2314 2685 2653 2763 novimus,

434 2781 598 2848 nihil
624 2782 803 2850 ultra
829 2785 1090 2852 titulum
1110 2785 1508 2852 indicamus.
1593 2786 1730 2854 Sed
1763 2788 1918 2854 vide
1951 2784 2261 2853 Biblioth.
2291 2783 2653 2851 Far-meria-

436 2905 605 2947 flam.

1072 387 1461 439 REOENSUS
1507 387 1940 439 Bm'rloNUM

1438 2993 1654 3052 NoTAE

507 3106 541 3152 9
572 3101 822 3155 Biblioth.
840 3103 1152 3167 Pinelliana,
1173 3109 1322 3155 1⁷89.

507 3184 571 3232 10
619 3180 755 3230 Hoec
797 3180 938 3246 apud
981 3181 1268 3232 Oxoniamz
1316 3182 1508 3233 Londi-

439 3269 565 3307 uum
607 3256 825 3320 reversi,
865 3256 934 3307 ad
979 3257 1219 3308 Biblioth.
1265 3257 1509 3322 δρακαί-

440 3346 584 3382 «sm
625 3345 720 3381 nos
764 3332 1095 3384 contulimus.
1185 3334 1327 3385 Rara
1369 3334 1509 3386 enim

441 3409 558 3460 hnc
581 3409 710 3474 avis,
730 3408 988 3474 (Magdsl.
1021 3411 1144 3463 jur.
1177 3417 1234 3461 et
1255 3410 1431 3475 Pers.)
1450 3417 1513 3462 ut

443 3499 479 3535 s
515 3484 751 3538 Praeside
787 3484 1082 3550 dignissimo
1127 3502 1514 3553 acceperamus,

446 3561 786 3627 permissione
799 3562 993 3612 Societ.
1010 3563 1191 3627 Magd.
1213 3563 1513 3614 nobilissimi

445 3636 586 3688 illius
622 3637 877 3689 rariorum
913 3638 1162 3690 librorum
1202 3640 1518 3705 collectoris,

446 3713 668 3765 Comitis
697 3714 765 3765 de
799 3715 1048 3780 Spencer,
1076 3722 1141 3767 ut
1163 3731 1280 3768 eam
1312 3717 1516 3768 acutius

447 3796 506 3843 et
527 3792 826 3856 diligentius
858 3791 1161 3857 inspiceret,
1180 3800 1236 3844 et
1259 3809 1365 3845 ωε
1386 3795 1516 3845 Per-

450 3868 516 3920 sii
568 3868 786 3919 editioni
843 3875 1188 3933 compararet,
1234 3868 1376 3935 fidei,
1420 3884 1517 3934 pro

451 3950 710 4011 tempore,
729 3944 851 3995 olim
869 3946 1140 3996 commissa
1161 3944 1351 3999 fuerat.
1394 3945 1520 3997 Sine

454 4022 653 4073 cetenis
689 4022 838 4085 abiit,
877 4029 933 4072 et
966 4023 1076 4073 sine
1111 4025 1311 4090 injuriis
1343 4024 1522 4089 rediit,

454 4099 611 4150 immo
654 4106 772 4152 arte
814 4099 1095 4168 bibliopegi
1137 4103 1323 4168 plumis
1355 4104 1520 4168 magis

457 4174 712 4226 decoratis
730 4183 788 4226 et
814 4177 1027 4228 ornatis.
1092 4179 1165 4228 Et
1199 4178 1401 4230 curioso
1434 4193 1525 4229 ex-

460 4245 734 4320 plorato'ri,
753 4251 848 4340 qui
876 4267 991 4307 eam
1029 4255 1322 4308 accuratius
1342 4254 1525 4323 depic-

1585 3113 1694 3158 tam
1755 3107 1880 3158 velit
1943 3106 2219 3172 inspicere,
2278 3103 2658 3155 consulendum

1586 3190 1670 3233 est
1710 3197 1839 3247 opus
1881 3181 2009 3232 illud
2052 3180 2522 3246 splendidissimum
2566 3180 2656 3230 oui

1587 3259 1789 3321 titulus,
1826 3259 1842 3288 ‘
1865 3257 2195 3309 Bibliotheca
2210 3255 2580 3320 Spencerisna,
2596 3269 2659 3306 or

1589 3352 1623 3387 s
1643 3335 1959 3401 descriptive
1982 3335 2270 3398 Catslogue
2289 3330 2351 3383 of
2375 3333 2465 3382 the
2487 3332 2660 3383 books

1589 3411 1799 3477 printed
1836 3411 1892 3461 in
1924 3411 2013 3462 the
2049 3411 2172 3460 15th
2205 3415 2443 3473 century,
2476 3408 2578 3458 end
2601 3406 2670 3458 of

1591 3503 1743 3552 many
1781 3486 2020 3538 valuable
2057 3484 2173 3536 first
2212 3484 2436 3536 editions
2473 3484 2528 3534 in
2566 3484 2659 3533 the

1593 3565 1810 3630 Library
1821 3563 1882 3615 of
1888 3564 2096 3628 George
2109 3563 2248 3615 John
2269 3562 2393 3611 Earl
2403 3561 2438 3610 S
2442 3574 2663 3625 pencer,

1594 3641 1665 3707 by
1678 3643 1769 3692 the
1786 3643 1914 3692 Rev·
1925 3631 2145 3690 Thomas
2166 3639 2408 3703 Frognsll
2423 3636 2667 3689 numine

1595 3716 1810 3768 Persius
1832 3715 2206 3782 spenceriauus
2226 3712 2355 3780 (vid.
2378 3726 2464 3778 op.
2488 3711 2662 3776 ejusd.

1595 3794 1700 3844 vol.
1727 3792 1953 3859 11.)ps.rs
1974 3793 2142 3842 altera
2170 3796 2270 3852 est,
2291 3804 2426 3840 nunc
2447 3789 2662 3855 quidem

1597 3870 1877 3936 disjuncta,
1895 3868 2138 3918 editionis
2157 3881 2315 3933 supra
2344 3873 2665 3930 memorate,

1598 3954 1655 3998 et
1683 3947 1738 3997 in
1774 3945 2024 3997 Biblioth.
2061 3946 2254 4011 Spenc.
2284 3943 2566 4008 separatim
2584 3941 2663 3993 vi-

1600 4022 1773 4074 denda
1793 4028 1893 4074 est.

1681 4103 1742 4150 11
1764 4098 1888 4150 vid.
1898 4097 2172 4163 specimen
2188 4083 2333 4149 uni.
2352 4091 2487 4148 crit.
2504 4093 2661 4147 emt«.

1600 4175 1722 4228 Ital·
1743 4189 1870 4228 mc.
1894 4187 1989 4226 xv.
2011 4189 2065 4242 p.
2087 4177 2206 4228 422.
