2992 4859
448 350 536 419 10
1057 334 1065 339 ’
1226 368 1323 416 nn
1370 367 1620 416 suasu
1668 364 1868 430 vrrA,

445 504 948 581 innumerabiles
976 516 1131 593 sint,
1152 532 1275 579 nec
1305 514 1390 578 ad
1421 516 1668 579 cermm
1701 512 2036 579 numerum
2061 514 2296 578 natura
2324 512 2637 587 asnictoe,

444 627 913 702 praeceptaque
939 624 1006 682 et
1030 617 1275 699 regulae
1303 618 1498 702 hujus
1525 616 1633 680 vel
1657 614 1836 680 illius
1860 617 2088 680 sormae
2136 622 2255 679 aut
2291 614 2639 701 imitatori*-

443 720 574 783 bus
606 725 723 783 aut
748 720 1110 784 lectoribus
1136 726 1393 785 tantum
1424 719 1809 796 scribantur,
1858 724 1937 782 ut
1984 717 2289 793 habeant,
2305 715 2504 799 quod
2532 734 2636 778 se-

445 828 750 903 quantur,
776 828 899 887 aut
926 822 1012 885 ad
1043 820 1225 905 quod
1272 823 1342 885 in
1384 821 1659 903 legendo
1699 818 2059 895 attendant,
2081 838 2220 884 non
2250 818 2490 903 poetiS,
2507 817 2638 901 qui

441 921 647 986 libero
674 940 888 1002 cursu,
917 943 1052 1007 quo
1081 924 1365 1006 impetus
1394 928 1458 985 et
1488 922 1705 987 Musae
1736 921 2000 999 ducant,
2028 926 2408 1004 sequuntur.
2483 918 2632 984 111ae

304 1091 313 1099 ‚
442 1012 666 1089 'satirae
697 1012 1155 1109 aut‘epistoloe
1208 1025 1296 1089 ad
1347 1016 1597 1088 amieos
1633 1024 1863 1088 missae
1910 1042 1991 1087 eo
2034 1023 2316 1087 consilio
2363 1020 2633 1104 scripta

442 1130 614 1203 sunt,
665 1130 742 1190 ut
788 1126 920 1210 ipsi
971 1127 1169 1210 quasi
1232 1126 1679 1209 inscriptionis
1724 1122 1969 1189 honore
2018 1123 2344 1208 amicique
2389 1123 2635 1206 pictate

440 1226 815 1307 gauderent,
843 1228 1125 1293 lectores
1152 1246 1331 1306 vero,
1362 1246 1648 1310 quorum
1674 1227 1848 1291 ratio
1875 1226 2214 1310 praecipue
2233 1224 2482 1289 ‘habitu
2507 1230 2634 1301 est,

437 1327 742 1394 lectionis
769 1329 1052 1395 fructum
1079 1330 1474 1413 colligerent.

525 1428 766 1515 Neque
786 1450 1010 1496 eorum
1026 1433 1256 1516 opinio
1278 1430 1439 1494 mihi
1461 1431 1792 1514 probatur,
1811 1432 1929 1515 qui
1947 1427 2307 1513 perhibent,
2327 1425 2630 1492 Persium

434 1550 584 1595 eum
599 1551 811 1596 rerum
827 1522 1155 1598 ordinem'
1134 1553 1205 1598 ιιι
1226 1535 1447 1598 satiris
1468 1552 1749 1610 servare,
1767 1551 1963 1617 quem
1984 1530 2366 1596 dialecticos
2383 1528 2627 1610 regulae

434 1635 888 1717 praescribant.
976 1634 1262 1700 Videtur
1283 1636 1550 1721 potius
1531 1654 1598 1698 ιιι
1616 1636 1741 1699 hac
1764 1654 1837 1698 re
1858 1633 2297 1718 philosophus
2317 1651 2449 1696 non
2465 1632 2629 1695 satis

437 1742 790 1800 accuratus
835 1742 905 1801 et
948 1737 1233 1816 subtiliS,
1278 1737 1611 1820 simulque
1639 1735 1843 1820 poeta
1878 1740 2012 1800 non
2055 1736 2220 1799 satis
2261 1733 2521 1799 solutus
2549 1748 2631 1799 ac

433 1835 621 1901 liber.
710 1837 1182 1923 Unusquisque
1211 1838 1453 1916 statim,
1483 1856 1903 1921 quacumque
1929 1837 2134 1902 satira
2151 1836 2464 1919 perlecta,
2487 1833 2632 1899 ani-

434 1937 857 2004 madverterit
882 1958 1151 2003 necesse
1172 1945 1297 2017 est,
1318 1938 1621 2004 Persium
1637 1958 1768 2003 non
1784 1955 1916 2002 uno
1933 1943 2159 2002 tenore
2178 1941 2626 2019 argumentum

433 2038 836 2121 detexuisse,
886 2041 1004 2107 sed
1051 2028 1122 2106 in
1155 2041 1430 2124 singulis
1452 2043 1760 2125 partibus
1788 2041 2190 2117 elaborasse,
2218 2044 2412 2122 prout
2437 2056 2628 2123 quae-
2644 2047 2651 2077 ³

432 2166 562 2230 que
610 2145 715 2210 illi
753 2147 821 2209 in
860 2152 1144 2209 mentem
1173 2145 1442 2223 venerit,
1476 2162 1723 2227 easque
1751 2145 2009 2209 curiose
2034 2141 2353 2207 interdum
2382 2146 2450 2206 et
2473 2140 2628 2206 dili-

430 2252 653 2330 genter
678 2247 774 2310 ita
800 2247 1224 2330 expolivisse,
1266 2252 1340 2310 ut
1383 2247 1632 2329 ubique
1667 2257 1965 2310 ornatum
1992 2243 2211 2328 poetae
2255 2243 2365 2307 vel
2391 2243 2463 2306 in
2489 2243 2630 2307 sin-'

424 2349 602 2433 gulis
651 2350 871 2412 verbis
922 2356 1269 2430 agnoscas,
1326 2334 1556 2411 deinde
1613 2366 1752 2426 eas,
1801 2347 2105 2430 neglecta
2153 2350 2315 2424 arte,
2369 2360 2524 2429 quae
2555 2345 2624 2408 in·

428 2451 861 2515 commissura
917 2449 1198 2516 celanda
1252 2440 1555 2527 cernitur,
1611 2449 2094 2533 composuisse,
2145 2452 2223 2512 ut
2271 2447 2489 2531 primo
2518 2464 2626 2510 as-

426 2556 627 2635 pectu
677 2552 876 2616 totius
912 2542 1135 2635 operis
1164 2557 1389 2635 partes
1416 2558 1798 2635 appareant.
1886 2550 2047 2629 Qua
2087 2570 2174 2615 ex
2203 2568 2274 2615 re
2311 2535 2622 2630 colligas,

426 2653 823 2718 inventionis
857 2655 1152 2718 ubertate
1180 2672 1531 2736 rerumque
1561 2652 1763 2737 copia
1787 2654 1998 2735 magis
2027 2653 2216 2717 illum
2243 2644 2623 2715 destinam

424 2756 657 2847 fuisse,
702 2775 898 2839 quam
945 2774 1160 2820 rerum
1206 2754 1609 2837 singularum
1652 2754 1976 2819 tractandi
2027 2761 2187 2831 arte,
2239 2768 2374 2837 qua
2416 2750 2622 2835 probe

424 2858 785 2923 instructus
814 2857 1385 2939 grammaticorum
1412 2863 1481 2922 et
1507 2857 1831 2923 rhetorum
1860 2857 2128 2922 scholas
2148 2855 2494 2945 reliquisse
2507 2851 2621 2916 'vi-

425 2957 634 3024 detur.
712 2958 1026 3045 Poetices
1071 2977 1268 3042 porro
1313 2958 1485 3022 ratio
1531 2958 1853 3041 postulat,
1904 2966 1978 3022 ut
2019 2976 2148 3035 res,
2198 2975 2364 3040 quas
2400 2960 2619 3020 mente

422 3066 673 3125 tantum
701 3066 765 3125 et
787 3060 1044 3124 ratione
1072 3045 1421 3137 videmus,‘
1440 3060 1536 3122 ita
1579 3065 1935 3124 tractentur
1973 3065 2043 3123 et
2078 3064 2514 3142 exponantur,
2543 3065 2620 3122 ut

409 3163 648 3243 ,omnia
696 3161 1042 3225 videantur
1089 3162 1162 3225 in'
1203 3181 1283 3225 ca
1322 3180 1467 3224 esse
1515 3152 1818 3240 mutata,'
1840 3180 1995 3245 quae
2026 3160 2331 3225 sensibus
2358 3161 2616 3245 percipi

419 3265 705 3347 possint.
793 3262 876 3326 In
904 3282 1039 3347 quo
1068 3282 1298 3346 genere
1338 3261 1609 3328 Persius
1655 3264 1742 3328 ab
1784 3260 2074 3329 Horatio
2110 3263 2302 3345 longe
2344 3284 2388 3327 a
2435 3268 2616 3347 tergo

417 3364 836 3449 relinquitur:
881 3365 966 3429 ad
995 3385 1163 3449 quos
1185 3366 1359 3430 enim
1401 3366 1718 3450 scopulos
1763 3367 1875 3430 ille
1917 3371 2156 3431 temere
2193 3366 2614 3450 naufragium

419 3486 606 3551 saepe
633 3467 810 3547 fecit,
861 3487 979 3533 eos
1004 3467 1301 3552 prudenti
1332 3468 1618 3533 consilio
1645 3467 1755 3533 hic
1784 3488 2047 3552 semper
2085 3470 2382 3534 evitavit.
2472 3466 2613 3533 Ob-

416 3568 579 3632 litus
603 3564 703 3633 est
732 3567 1030 3648 Persius,
1057 3589 1171 3634 eas
1201 3569 1643 3655 philosophiae
1674 3576 1920 3654 parteS,
1952 3591 2106 3655 quae
2135 3572 2204 3634 in
2235 3574 2429 3637 rebus
2453 3591 2611 3637 con-

416 3670 813 3754 templandis
861 3672 1103 3755 positae
1134 3679 1304 3751 sunt,
1353 3692 1571 3756 eaque
1618 3673 1954 3757 principia
1980 3673 2336 3754 recondita,
2366 3674 2611 3759 quibus

410 3790 667 3836 morum
690 3771 1046 3857 disciplina
1065 3775 1314 3853 nititur,
1326 3795 1456 3839 non
1473 3794 1618 3838 esse
1635 3796 1739 3839 res
1763 3777 1966 3859 vulgi,
1985 3777 2410 3861 ineptumque
2430 3796 2603 3855 esse,

407 3872 891 3938 multitudinem
933 3876 1160 3939 harum
1187 3896 1399 3940 rerum
1421 3876 1723 3959 judicem
1754 3879 2169 3955 constituere,
2217 3897 2443 3943 coram
2467 3900 2604 3962 quo

406 3974 784 4059 philosophi
813 3995 1085 4040 causam
1115 3996 1301 4041 suam
1331 3986 1554 4062 agant.
1643 3978 1908 4044 Etenim
1959 3982 2029 4044 in
2081 3980 2461 4065 hujusmodi
2495 3984 2607 4066 ju·

410 4077 591 4143 dicio
617 4077 883 4143 facilius
912 4098 1082 4156 esse,
1125 4079 1271 4144 illas
1298 4101 1402 4145 res
1429 4082 1496 4146 i‘n
1524 4082 1728 4146 risum
1755 4088 1824 4147 et
1848 4083 2078 4168 jocum
2107 4088 2372 4161 vertere,
2403 4096 2607 4177 quam·

407 4178 591 4264 gravi
639 4179 1083 4265 disputatione
1126 4202 1404 4251 causam
1449 4184 1761 4263 obtinere,
1814 4183 2143 4254 Horatius
2187 4205 2322 4257 non
2362 4204 2494 4257 uno
2534 4182 2601 4255 in
