2992 4859
464 289 645 376 1872
810 275 829 291 '
1192 310 1580 372 nsscsnsus
1624 314 1960 369 οουιουιι

560 460 874 529 Biblioth.
916 460 1107 529 Harl.
1130 464 1352 530 varios
1396 469 1576 530 tenet
1598 464 1756 531 Juv.
1786 466 2082 548 codices,
2108 485 2326 556 usque
2351 468 2441 537 ad
2477 477 2676 540 octo·

462 569 713 647 decim,
741 586 1028 652 quorum
1057 565 1323 651 plurimi
1351 574 1506 634 sunt
1532 568 1738 634 nitide
1763 576 1834 636 et
1861 570 2040 636 clare
2067 572 2301 659 scripti
2325 593 2343 655 3
2386 572 2668 640 illumin.

466 672 740 760 quidam
785 668 1097 734 chartac-⁶
1116 669 1231 733 alii
1278 671 1641 734 membran.
1692 671 1814 736 sed
1841 686 1980 738 non
2008 674 2210 739 valde
2237 677 2518 761 antiqui,
2545 676 2670 742 vix

467 794 674 861 supra
699 792 858 837 saec.
891 788 1019 836 XV.
1058 776 1423 858 pergentes.
1513 772 1621 837 Ex
1663 774 1770 838 his
1799 794 1968 841 unus
1999 778 2292 843 continet
2319 785 2667 844 comment.

465 875 661 954 duos,
690 894 813 940 nec
838 875 1096 950 breves,
1122 874 1191 937 in
1210 872 1255 937 J
1260 892 1372 938 uv.
1402 874 1545 939 Sat.
1574 864 1641 940 et
1667 894 1866 941 unum
1892 875 1964 940 in
1992 876 2325 945 Persium.
2357 878 2665 946 Chartae.

465 976 762 1056 Primus,
812 995 967 1041 cum
1017 975 1178 1041 Juv.
1233 975 1376 1041 Sat.
1442 972 1863 1062 liz-positione,
1923 974 2134 1041 Vitam
2183 982 2381 1046 etiam
2431 980 2666 1048 Poetae

466 1076 944 1165 complectitur.
1053 1076 1234 1144 Inter
1288 1096 1446 1147 vero
1494 1082 1618 1145 hos
1669 1078 1863 1145 codd.
1921 1078 2319 1148 recentiores
2366 1102 2543 1150 unus
2602 1092 2672 1151 et

320 1252 327 1261 ,
464 1184 635 1251 'alter
687 1167 1128 1247 numerandus
1180 1186 1305 1261 est,
1361 1182 1478 1266 qui
1524 1182 1983 1266 antiquitatem
2051 1185 2264 1269 magis
2314 1188 2546 1270 spirat,
2599 1207 2668 1252 n.

464 1285 661 1351 3872.
712 1303 875 1357 saec.
908 1299 1084 1347 xm.
1130 1283 1238 1347 vel
1287 1296 1450 1349 xlv.
1512 1280 1649 1347 alia
1698 1302 1850 1348 cum
1898 1282 2061 1351 Juv.
2109 1285 2251 1353 Sat.
2302 1286 2669 1371 exhibens3

465 1388 662 1453 3754.
691 1387 809 1470 qui
835 1384 1002 1450 Juv.
1034 1384 1495 1467 Fragmentum
1524 1390 1778 1451 tantum
1805 1390 1999 1473 tenet,
2040 1386 2350 1454 videlicet
2379 1394 2506 1456 sat.
2535 1390 2673 1505 pri-

468 1508 645 1554 mam
674 1486 763 1552 ad
792 1506 963 1552 vers.
993 1486 1144 1552 151.
1173 1486 1242 1551 in
1271 1486 1391 1573 fol.
1413 1486 1681 1572 majori.

555 1586 933 1653 cottoniana
957 1588 1141 1668 nihil,
1170 1567 1349 1673 quod
1377 1586 1466 1653 ad
1491 1588 1652 1656 Juv.
1683 1595 1965 1674 spectat,
1986 1590 2208 1661 offert:
2254 1613 2379 1659 nec
2416 1591 2672 1658 ,910αηί-

465 1712 619 1769 ana,
648 1691 716 1754 ni
743 1688 969 1754 forsan
1013 1690 1215 1755 velles
1256 1688 1590 1774 quasdam
1633 1689 1782 1773 ejus
1826 1695 2063 1758 satiras
2091 1691 2370 1779 Anglice
2408 1708 2670 1776 versae,

464 1798 531 1859 et
569 1784 719 1876 quae
746 1792 996 1857 nullius
1022 1797 1175 1857 sunt
1200 1791 1426 1877 pretii,
1466 1791 1577 1859 vel
1618 1794 1855 1858 saltem
1881 1798 2234 1880 praesentis
2263 1797 2666 1881 argumenti:

465 1895 842 1985 dequibus
889 1914 1071 1974 vero,
1107 1895 1168 1960 si
1214 1895 1375 1978 quid
1421 1894 1616 1973 velis,
1645 1894 1784 1961 vid.
1814 1893 2200 1981 Ayscough.
2233 1896 2452 1966 Gatal.
2482 1918 2682 1964 num-2

454 2166 467 2177 ,
550 2095 1067 2164 Lamdouniana.
1159 2097 1362 2179 Haec,
1404 2097 1572 2169 inter
1621 2120 1823 2185 quam
1871 2100 2328 2191 paucissimos
2360 2105 2670 2168 auctores

452 2201 811 2279 classicos,
856 2200 1011 2265 aliis
1055 2200 1385 2265 nonnullis
1431 2199 1784 2281 ditissima,
1811 2222 2018 2269 unum
2057 2205 2479 2291 amplectitur
2508 2202 2664 2270 cod.

340 2331 376 2389 ‘-
462 2302 736 2393 Horatii
761 2322 874 2386 op.
903 2307 970 2367 et
992 2300 1156 2371 Juv.
1198 2308 1269 2367 et
1311 2300 1499 2368 PerS.
1531 2302 1674 2368 Sat.
1704 2309 2046 2384 tenentem,
2078 2307 2197 2391 qui
2236 2311 2343 2371 est
2368 2305 2670 2391 pulcher·

344 2447 355 2465 .
460 2407 691 2487 rimus,
727 2404 1000 2470 illumin.
1031 2408 1099 2469 et
1124 2404 1481 2469 membran.
1516 2425 1648 2470 non
1685 2408 1944 2492 antiqui
1972 2408 2167 2474 valde
2192 2407 2520 2489 nominis;
2564 2408 2668 2475 in-

454 2512 561 2572 ter
586 2508 919 2592 pretiosos
942 2512 1162 2572 tamen
1180 2510 1251 2571 et
1270 2504 1499 2573 forsan
1517 2508 1714 2573 utiles
1740 2509 2109 2574 censendus
2137 2514 2263 2579 est.
2353 2506 2666 2578 Matthiae

460 2606 753 2687 Commi,
784 2608 1155 2691 Hungariae
1182 2608 1380 2691 regiS,
1411 2609 1574 2674 olim
1597 2608 1724 2677 fuit
1769 2611 1838 2674 in
1877 2611 2168 2726 peculio,
2195 2615 2270 2675 ut
2316 2610 2671 2697 inscriptio

452 2711 755 2795 indicat;
800 2714 868 2774 et
892 2716 1052 2795 post
1084 2710 1310 2775 varias
1346 2709 1646 2811 fortunas
1674 2711 1856 2776 venit
1900 2711 1968 2775 in
1997 2712 2494 2805 possessionem
2530 2731 2669 2776 me-

448 2813 604 2887 dici
630 2812 810 2880 docti
852 2817 919 2878 et
956 2811 1177 2878 felicis
1221 2811 1424 2878 codd.
1472 2810 1592 2894 Gr.
1638 2817 1707 2877 et
1752 2812 1902 2879 Lat.
1955 2814 2355 2891 collectoris,
2384 2812 2669 2879 Antonii

460 2914 738 2994 Askew,
767 2915 873 2997 cuj
883 2933 961 2978 us
992 2914 1215 2991 verba,
1268 2915 1395 2978 sub
1444 2913 1591 2979 init.
1634 2913 1787 2979 cod.
1838 2910 2246 3001 conscripta,
2272 2916 2407 2980 huc
2452 2920 2671 2982 trans-

456 3018 624 3085 ferre
652 3017 909 3103 placet·
895 3065 911 3080 .
956 3014 1266 3079 ‘Lettres
1293 3013 1376 3079 de
1406 3012 1729 3105 critique,
1784 3015 1870 3080 de
1921 3014 2196 3081 Gisbert
2227 3015 2470 3104 cuper,
2500 3014 2670 3084 Am-

461 3119 749 3189 sterdam
774 3117 970 3183 1742.
1017 3136 1171 3200 pag.
1200 3115 1329 3181 381
1338 3114 1487 3205 .-χ]
1491 3116 1578 3181 'ai
1605 3114 1926 3186 l’Horace
1954 3115 2468 3184 d’Amsterdam.
2547 3116 2668 3186 M.

462 3222 744 3306 Bentley
768 3229 869 3284 est
894 3218 1087 3284 hardi
1125 3220 1291 3283 dans
1316 3238 1427 3284 ses
1452 3218 1888 3302 conjectures.
1993 3217 2082 3284 Je
2120 3240 2227 3285 me
2268 3220 2411 3286 suis
2455 3224 2673 3288 entre-

452 3333 619 3393 .tenu
647 3344 761 3390 sur
788 3323 1114 3407 quelques
1155 3342 1343 3403 unes,
1397 3342 1564 3390 avec
1614 3340 1705 3389 un
1750 3320 1834 3386 de
1877 3341 2021 3387 mes
2070 3322 2261 3402 amis,
2308 3328 2378 3389 et
2405 3321 2528 3409 J’ai
2573 3342 2671 3388 un

448 3429 635 3503 ‚beau
664 3425 805 3491 Ms.
853 3427 1017 3490 sorti
1061 3425 1145 3490 de
1169 3425 1241 3490 la
1281 3423 1735 3511 bibliotheque
1764 3422 1917 3489 d'un
1970 3423 2110 3493 Rei
2137 3423 2460 3489 Matthias
2500 3422 2670 3492 Cor-

456 3532 677 3607 vinus,
694 3530 789 3601 ,ou
806 3527 933 3614 J’ai
958 3529 1191 3593 trouve
1222 3526 1519 3593 diverses
1534 3527 1767 3608 leqons
1788 3523 1951 3593 dont
1975 3531 2356 3611 cesnvant
2379 3523 2669 3610 Anglois

456 3652 539 3697 ne
564 3631 685 3697 fait
711 3651 836 3717 pas
860 3627 1442 3696 mentione—Sine
1467 3628 1645 3695 notis
1674 3632 1794 3694 aut
1822 3626 2188 3694 Comment.
2277 3626 2361 3692 In
2385 3627 2515 3692 hoc
2545 3646 2668 3694 co-

459 3733 608 3799 dice
638 3731 855 3798 Persii
880 3732 1136 3817 primus
1165 3737 1291 3796 sat.
1321 3733 1556 3817 primae
1585 3750 1820 3797 versus
1849 3732 1962 3797 sic‘
1979 3731 2182 3796 currit
2202 3749 2237 3795 ε.
2516 3724 2528 3738 “

505 3850 654 3917 01ι1
699 3870 892 3917 curas
920 3849 1293 3916 hominum!
1337 3848 1463 3912 oh!
1508 3851 1827 3931 quantum
1855 3846 2077 3911 emihi
2105 3845 2397 3913 inrebus
2425 3846 2668 3921 inane}

461 3952 764 4020 Continet
818 3952 1021 4017 etiam
1068 3949 1338 4035 Virgilii
1387 3940 1655 4017 AEueid.
1711 3947 1951 4015 Bucol.
1999 3952 2071 4016 et
2126 3946 2369 4033 Georg.
2423 3947 2663 4023 eadem
2703 3972 2718 3991 ι

450 4072 667 4125 mauu
689 4054 954 4141 scripta.
