2992 4859
397 285 489 349 'do

1163 289 1236 349 A.
1283 296 1532 349 ranst!
1583 298 1846 349 rusco!
1921 302 1930 310 '

397 441 679 525 Pellere,
709 445 869 530 quin
895 444 1195 530 tepidum
1223 445 1352 510 hoc
1382 450 1575 528 optes
1600 443 1855 523 audire,
1888 443 2337 509 nacti-trani

487 544 622 610 Fur
649 567 742 624 es,
773 549 865 611 ait
896 546 1127 612 Pedio.
1177 593 1184 600 -
1221 547 1471 612 Pedius
1501 547 1665 631 quid
1683 550 1714 611 'l
1766 547 2040 613 crimina
2065 545 2239 610 rasis

2450 541 2457 544 ’
2508 541 2600 608 85

403 647 637 713 Librat
665 653 732 713 in
761 650 1129 716 antithetis:
1180 650 1415 715 doctas
1441 653 1752 734 posuisse
1778 650 2020 731 figuras

399 748 776 817 Laudatur:
832 753 1078 818 bellum
1102 754 1267 819 hoc:
1318 753 1445 817 boc
1475 753 1763 817 bellum?
1808 771 1915 829 an,
1952 749 2261 828 Romule,
2285 745 2530 813 ceres?

394 868 653 931 pericuum
673 884 703 917 s
722 870 880 931 eapite
895 871 1018 930 elbo,
1033 872 1127 919 imo
1144 872 1307 934 esp-‘as
1324 868 1838 931 mlta-effidem
1858 869 1977 918 illud
1993 867 2226 927 verbum,
2243 858 2604 940 munienter?

398 931 575 981 Prode
603 947 670 993 es,
702 933 857 996 inquit
879 935 1029 983 Pedio
1049 942 1336 986 accusator.

399 997 622 1058 expendit
657 996 710 1045 in
752 999 1067 1049 antithesibus
1110 999 1273 1063 politis
1357 999 1405 1048 Ε

1543 935 1554 945 ”
1607 933 1789 984 Pedias
1826 932 2144 995 respondet?
2214 929 2605 980 Crinissum

1503 1000 1568 1048 'ta
1608 998 1873 1047 adhibuisse
1911 998 2166 1053 schema,
2212 994 2342 1044 uadi
2383 992 2603 1042 vertitur.

400 1059 662 1110 mma·
679 1061 814 1111 aaa.
880 1065 1028 1125 ma,
1046 1034 1402 1127 namnetim„
1422 1066 1540 1113 est?
1573 1062 1816 1128 Nun-quta
1835 1060 2283 1126 muamus-a,
2306 1073 2337 1108 ο
2356 1052 2604 1110 Ros-ne?

1323 1173 1438 1193 0000
1445 1174 1470 1191 Ι
1475 1173 1500 1191 0
1505 1172 1618 1192 0000
1622 1172 1679 1192 00

398 1219 592 1271 center?
623 1222 867 1292 placebat
886 1224 1062 1288 legere
1082 1230 1134 1276 tr
1195 1226 1334 1287 ‘duan
1374 1225 1510 1290 quod
1550 1223 1763 1276 verbum
1788 1229 1868 1273 est
1890 1221 2096 1274 Horatii
2130 1226 2188 1272 et
2220 1218 2422 1270 Persii:
2459 1230 2604 1281 pror-

393 1287 490 1335 ‘sus
529 1285 605 1336 ita
636 1287 829 1339 dictum
856 1290 1104 1353 superius.
1224 1296 1354 1340 entes
1373 1289 1613 1352 trepidare
1654 1288 1814 1337 Titos.-
1848 1287 1935 1364 qui
1968 1287 2112 1336 locus
2148 1286 2302 1335 valde
2334 1280 2607 1357 confirmat

395 1357 628 1400 nostram
668 1352 1095 1404 emendationem.
1161 1352 1339 1420 Atque
1372 1355 1504 1403 hane
1545 1352 1824 1403 lectionem
1872 1352 2160 1401 invenimus
2199 1355 2499 1398 annotatam
2547 1360 2601 1396 ln

402 1429 508 1465 nno
547 1431 724 1466 eorum
760 1421 998 1468 veter'nm
1022 1418 1278 1480 codicum,
1326 1433 1451 1482 quos
1487 1434 1519 1467 a
1553 1417 1836 1466 clarissimo
1858 1416 2148 1479 Bongarsio
2171 1413 2385 1476 accepi:
2426 1424 2605 1460 verum

401 1485 580 1528 tamen
603 1488 657 1530 et
698 1480 830 1531 liber
866 1483 972 1545 ille,
1009 1492 1064 1532 et
1086 1492 1277 1533 cetera·
1300 1497 1474 1532 omnes
1502 1483 1833 1543 membrauae,
1872 1481 2055 1545 quibus
2079 1479 2157 1529 usi
2179 1493 2372 1538 sumus,
2394 1488 2609 1526 consen·

399 1542 543 1592 tinnt
565 1558 681 1594 cum
704 1546 952 1610 vulgatis:
977 1547 1185 1597 videtur
1205 1548 1360 1597 etiam
1379 1547 1623 1597 Sidonius
1659 1544 1980 1609 Apollinaris
2003 1545 2139 1594 bunc
2164 1545 2331 1594 locum
2358 1542 2605 1599 imitatus,

401 1613 462 1657 nt
505 1623 646 1672 saepe
679 1610 827 1670 alios,
866 1626 983 1661 cnm
1030 1612 1219 1680 scribit
1258 1613 1310 1661 in
1355 1612 1592 1676 Epistola
1627 1611 1692 1660 ad
1731 1611 1975 1660 Faustum
2019 1610 2054 1660 l.
2094 1621 2175 1658 ιι.
2208 1609 2224 1634 ‘
2251 1608 2503 1658 Quaenam
2523 1611 2608 1653 est

403 1671 643 1737 cuiquam
683 1676 887 1737 peritiae
926 1678 1103 1725 cervix
1147 1682 1314 1737 tanta,
1350 1676 1505 1741 quive
1548 1674 1799 1740 hydrops,
1842 1682 1902 1725 ut
1935 1674 2093 1724 etiam
2128 1672 2289 1737 tepida
2313 1676 2488 1720 vestra
2509 1682 2609 1718 non

394 1734 794 1796 ‚ferventissimis
814 1739 1050 1790 laudibus
1075 1747 1421 1804 persequatur
1438 1739 1474 1789 θ’
1538 1741 1806 1789 Vocantur
1839 1746 2010 1789 autem
2032 1738 2194 1803 tepida
2231 1736 2442 1784 Sidonio
2464 1734 2610 1808 dicta

402 1799 701 1861 mediocria,
724 1818 819 1854 nec
843 1806 1021 1868 primae
1045 1818 1212 1866 notae3
1262 1806 1336 1854 ita
1371 1804 1454 1852 bic
1496 1803 1614 1868 capi
1648 1818 1711 1852 ea
1753 1818 1857 1852 vox
1894 1808 2101 1867 potest:
2138 1809 2194 1851 ut
2213 1801 2280 1850 sit
2302 1799 2608 1874 audirefeptz

402 1867 516 1915 dun
555 1868 772 1918 decenter
811 1869 945 1918 velle
985 1870 1181 1919 landari
1216 1869 1300 1918 vel
1343 1868 1551 1918 modica
1590 1868 1901 1917 laudatione.

403 1927 718 1994 frigefacere
735 1933 809 1982 sic
833 1948 972 1997 saepe
991 1940 1322 1999 usurpantur.
1373 1933 1638 1983 casaubon.

1973 1868 2161 1930 Teren,
2172 1864 2382 1941 serpere,
2399 1862 2610 1925 fucere,

1683 1931 1937 1997 Equidem
1961 1931 2135 1980 malim
2147 1932 2385 1993 trepidum
2399 1927 2570 1990 legere
2590 1941 2607 1987 ;

399 1994 483 2058 ‚ita
520 2003 581 2045 nt
614 1998 852 2060 trepidans
897 2000 1116 2049 decenter
1171 1997 1433 2063 significet
1464 1996 1873 2047 acclamationes
1920 1996 2180 2045 bominum
2221 1992 2611 2057 trepidantium,

404 2060 716 2171 paatronique
756 2063 1061 2126 orationem,
1109 2064 1176 2113 ad
1218 2077 1333 2112 suas
1367 2076 1518 2111 aures
1555 2061 1914 2139 compositam,
1939 2075 2120 2124 parum
2142 2057 2472 2108 continenter
2491 2068 2611 2105 cum

474 2124 604 2173 titire
627 2125 1000 2189 signiticatione
1021 2128 1408 2191 excipientium.
1475 2128 1677 2189 Koemgr

1678 2131 1879 2176 ιιι-85
1917 2124 2096 2174 Malim
2122 2124 2298 2173 doctus.
2323 2118 2612 2184 Juvenalls,

403 2186 633 2238 ‘doctos
688 2197 926 2255 spectare
965 2191 1209 2241 lacunar!
1268 2191 1695 2240 Comitem—87
1746 2190 1917 2239 bellum
1955 2190 2059 2253 hoc,
2100 2188 2185 2238 hoc
2226 2183 2431 2238 bellum?
2472 2182 2615 2235 Edit.

1394 2278 1616 2330 NOTAE

470 2359 534 2406 84
570 2355 696 2411 Quin
718 2356 950 2421 tepidum]
1005 2358 1178 2409 Etiam
1209 2374 1324 2409 cum
1347 2373 1465 2408 reus

405 2431 591 2497 capitis
613 2433 847 2496 periculo
878 2433 1175 2484 liberandus
1209 2433 1466 2483 oratioue-

406 2521 506 2574 qne
544 2507 705 2558 solida
739 2508 1111 2573 defendendus,
1143 2515 1324 2574 captas
1361 2512 1468 2560 lau·

406 2583 525 2636 dem
549 2600 579 2635 e
601 2584 741 2635 futili
764 2586 1037 2637 verborum
1055 2587 1292 2650 aucupio,
1312 2602 1467 2653 qnam

403 2663 578 2727 potius
616 2678 738 2714 vera
782 2664 1075 2729 eloquentia
1114 2678 1347 2730 quaerere
1380 2665 1469 2714 de-

404 2739 575 2791 beree.

468 2821 531 2867 85
567 2818 742 2882 Pedio]
792 2819 987 2870 Pedius
1028 2820 1214 2871 Blesus
1250 2817 1344 2869 snb
1365 2818 1471 2870 Ne-

404 2907 573 2943 rones
591 2895 972 2957 Cyrenensibus
993 2904 1268 2947 accusatus
1283 2902 1366 2946 est
1379 2911 1468 2945 ex·

402 2970 592 3034 pilasse
621 2972 869 3035 templum
912 2973 1208 3037 AEsculapii.
1257 2973 1465 3022 Cornel⁸

399 3048 577 3099 Tacit.
599 3047 788 3098 Annal.
811 3050 846 3098 l.
867 3064 979 3099 κιν-
1014 3049 1387 3114 damnatusque
1410 3056 1467 3099 et

402 3123 602 3175 Senatu
642 3131 814 3175 motus
860 3133 958 3175 est.
1017 3125 1239 3175 Ponitur
1259 3125 1344 3174 bic
1371 3140 1465 3189 pro

404 3197 638 3265 quolibet
674 3201 898 3253 Romani
936 3201 1036 3252 fori
1058 3208 1265 3253 oratore
1286 3208 1342 3251 et
1375 3216 1465 3267 pa-

403 3283 575 3328 trono.
1089 3285 1098 3296 ·

467 3353 647 3404 Pedius
664 3353 803 3419 qaid]
859 3354 924 3404 Id
959 3360 1056 3416 est,
1096 3353 1218 3419 quid
1256 3367 1466 3418 respon·

404 3428 514 3496 det,
535 3446 638 3500 qua
659 3434 859 3482 ratione
881 3438 1114 3486 removet
1145 3431 1346 3481 illatum
1366 3430 1468 3480 sibi

403 3507 658 3571 sacrilegii
682 3509 907 3559 crimen?

393 3575 398 3582 '
469 3581 640 3647 Raris]
673 3583 737 3633 Id
774 3590 872 3648 est,
897 3584 1071 3649 politis
1094 3590 1151 3635 et
1171 3584 1468 3635 elaboratis.

405 3657 625 3709 Quintil.
651 3673 727 3709 xx.
749 3665 798 3709 8.
824 3661 877 3709 in
899 3661 1013 3724 ipso
1030 3660 1151 3711 fine.
1184 3660 1200 3689 ‘
1217 3660 1320 3711 Ubi
1344 3676 1470 3711 vero

404 3734 700 3798 atrocitate,
740 3736 951 3800 invidia,
990 3737 1321 3787 miseratione
1345 3753 1469 3802 pug-

403 3810 627 3862 nandum
657 3819 753 3874 est,
782 3813 895 3876 quis
918 3812 1056 3863 ferat
1079 3814 1467 3878 contrapositis,

397 3887 459 3938 ‘et
481 3886 676 3953 pariter
694 3887 1017 3952 cadentibus,
1030 3894 1084 3936 et
1094 3887 1467 3951 consimilibus,

397 3966 734 4026 irascentem,
754 3960 988 4024 flentem,
1008 3965 1306 4028 rogantem?
1335 3965 1466 4014 Cum

404 4042 455 4092 in
480 4041 557 4091 his
579 4055 706 4091 cura
725 4040 1000 4090 verborum
1031 4040 1248 4104 deroget
1276 4037 1471 4090 affecti-

406 4118 498 4172 bus
516 4117 671 4168 fidem
692 4134 707 4179 ;
730 4124 787 4167 et
806 4115 1114 4181 ubicumque
1136 4130 1219 4165 ars
1246 4123 1469 4168 ostenta-

405 4200 513 4260 tur,
534 4195 730 4249 veritas
752 4194 933 4246 abesse
957 4194 1232 4246 videatur.’

1612 2362 1678 2408 86
1709 2356 1901 2422 Libra]
1931 2358 2093 2407 Velut
2109 2357 2159 2406 in
2183 2355 2443 2407 contraria
2461 2355 2612 2404 lance

1546 2434 1768 2499 opponit
1805 2433 2248 2484 criminationibus
2281 2447 2383 2482 non
2424 2429 2616 2491 valida,

1547 2518 1606 2561 ut
1627 2516 1907 2575 oporteret,
1945 2521 2271 2574 argumenta,
2312 2506 2401 2557 sed
2447 2519 2615 2555 meras

1548 2587 1823 2638 verborum
1869 2586 2229 2637 exornationes
2284 2591 2341 2636 et
2384 2582 2613 2648 figuras3

1549 2663 1883 2727 periodorum
1941 2661 2213 2713 affectatos
2264 2676 2503 2711 numeros
2558 2664 2617 2710 et

1550 2739 1698 2804 quasi
1745 2753 2019 2804 appensos,
2071 2737 2488 2800 homoeoteleuta,
2528 2735 2616 2784 bo·

1548 2822 1853 2880 moeoptota,
1877 2816 2095 2880 Incola,
2118 2818 2218 2863 διο.
2243 2812 2464 2863 fortasse
2497 2812 2619 2878 quia

1546 2893 1653 2943 scit
1685 2893 1777 2942 bos
1800 2891 2037 2942 flosculos
2081 2906 2142 2942 ac
2189 2892 2454 2955 rhythmos
2480 2889 2618 2955 apud

1547 2970 1812 3019 Neronem
1842 2968 2034 3028 valere,
2078 2967 2156 3016 his
2197 2981 2254 3017 se
2286 2973 2479 3018 tuetur.
2545 2966 2614 3015 D.

1546 3044 1847 3108 Hieronym.
1908 3043 2078 3107 Epist.
2112 3042 2177 3092 ad
2213 3042 2616 3092 pammachium.

1545 3120 1562 3148 ‘
1596 3120 1717 3170 Non
1742 3120 1902 3185 pudet
1935 3120 2257 3171 Christianos
2289 3127 2344 3169 et
2364 3120 2616 3170 Sacerdo-

1546 3201 1629 3246 tes
1654 3197 1772 3261 Dei,
1804 3197 1948 3262 quasi
1970 3197 2035 3247 de
2055 3197 2209 3246 rebus
2246 3194 2458 3245 ludicris
2493 3209 2611 3259 aga·

1547 3277 1653 3338 tur,
1676 3273 1846 3323 verbis
1863 3272 2030 3323 dubiis
2051 3273 2267 3330 boerere,
2281 3279 2334 3321 et
2349 3270 2613 3335 ambiguas

1546 3348 1740 3399 librare
1759 3349 2060 3410 sententias,
2074 3348 2259 3413 quibus
2275 3349 2491 3413 loquens
2514 3360 2616 3398 ma-

1548 3424 1628 3491 gis
1651 3440 1804 3491 quam
1831 3426 2045 3476 audiens
2058 3424 2359 3489 decipitur!

1612 3503 1904 3568 Antilketis]
1968 3504 2170 3566 Latine,
2216 3502 2617 3570 Contrapositum,

1553 3579 1747 3645 Figura
1770 3587 1853 3631 est
1876 3577 1985 3644 per'
2006 3594 2158 3644 quam
2200 3578 2462 3628 contraria
2496 3591 2618 3627 con·

1550 3656 1720 3707 trariis
1759 3656 2127 3721 respondentia
2160 3654 2213 3704 iu
2256 3655 2488 3704 oratione
2525 3667 2619 3718 po·

1548 3745 1760 3783 namur.
1854 3757 1864 3768 ·

1612 3810 1819 3874 Docte-⁸]
1886 3812 2093 3875 Legunt
2147 3809 2253 3869 alii,
2309 3809 2508 3871 Doctus,
2562 3806 2615 3858 id

1547 3893 1647 3950 est,
1685 3887 1884 3952 peritus
1927 3894 1981 3936 et
2009 3900 2199 3952 gnarus
2233 3884 2509 3935 adhibendi
2545 3892 2620 3934 ta-

1547 3965 1626 4014 les
1651 3962 1843 4029 figuras
1888 3978 1919 4014 a
1954 3963 2150 4028 Gorgia
2191 3960 2617 4011 Rhetoreinven·

1550 4045 1649 4090 tas.

1614 4120 1679 4165 87
1708 4117 1901 4166 Bellum
1933 4114 2041 4179 laec]
2090 4114 2340 4179 Inquiunt
2377 4111 2494 4163 vani
2540 4112 2617 4165 illi

1549 4191 1857 4259 scriptores,
1873 4193 1955 4244 vel
1972 4191 2284 4243 adulatores.
2536 4209 2543 4216 ·
