2992 4859
459 365 635 439 1212
1106 384 1491 436 ancnusvs
1545 387 1972 436 annuorum

460 530 540 601 ni,
570 529 824 590 invenies
847 528 1006 607 apud
1035 530 1323 589 Puteanos
1352 521 1586 598 fratres,
1608 528 1656 586 si
1686 528 1866 588 modo
1894 548 2009 587 non
2042 529 2231 606 periit.
2314 529 2470 590 Patri
2498 519 2656 589 enim

460 646 658 685 eorum
681 626 838 695 dedi,
867 637 920 686 et
944 626 1183 685 fortasse
1209 626 1466 685 Pithoeus
1490 625 1758 702 quaedam
1783 625 1946 684 aliter
1965 625 2168 697 edidit,
2196 645 2266 684 ac
2291 647 2401 704 ego
2424 627 2657 705 scripsi,

463 723 625 802 quod
656 732 849 796 tamen
878 743 992 781 non
1022 733 1189 801 puto.
1276 723 1403 800 Ego
1430 722 1657 780 illarum
1687 722 2030 781 Glossarum
2054 723 2307 780 omnium
2337 723 2662 801 eclogarins

462 817 590 878 sui!
668 819 763 878 ef.
794 819 1162 897 Scaligerana
1208 819 1321 877 FF.
1351 818 1413 878 P.
1446 819 1514 878 P.
1551 837 1615 896 p.
1648 838 1723 876 m.
1769 817 1908 880 263.
1941 839 1996 876 v.
2031 819 2238 878 Perse.
2323 817 2662 878 Admodum

465 925 655 973 autem
705 926 982 992 corrupte
1035 915 1249 992 scripta
1297 915 1471 974 fuisse
1522 913 1759 973 Scholia
1818 915 1932 986 illa,
1979 915 2108 993 jam
2166 935 2338 993 supra
2393 914 2665 973 vidimus.

469 1009 621 1070 Hinc
671 1030 741 1070 ea
784 1011 1094 1070 emendare
1144 1011 1342 1071 conati
1390 1020 1528 1070 sunt
1583 1011 1870 1081 Pithoeus,
1928 1011 2294 1090 Rutgersius,
2353 1011 2667 1082 Ferrarius,

469 1106 758 1175 Barthius,
787 1106 1075 1175 Graevius,
1118 1105 1439 1177 RubeniuS,
1484 1106 1749 1175 Vossius,
1794 1107 2033 1184 aliique,
2079 1127 2324 1184 quorum
2355 1116 2521 1165 notas
2553 1123 2669 1164 una

468 1221 603 1261 cum
652 1202 767 1260 suis
814 1201 889 1260 ad
937 1202 1158 1260 calcem
1206 1199 1345 1260 edit.
1387 1220 1510 1260 succ
1551 1201 1846 1277 congessit
1888 1202 2234 1260 Herminius,
2322 1202 2483 1259 Idem
2539 1202 2669 1279 ipsa

471 1297 705 1357 Scholia
735 1296 921 1357 textui
946 1303 1140 1375 poetas
1168 1296 1444 1373 subjecit,
1485 1296 1588 1356 sed
1621 1316 1735 1356 non
1763 1297 1870 1355 rite
1909 1318 1978 1356 ac
2013 1298 2163 1358 bene
2200 1298 2504 1357 tractavit:
2548 1317 2668 1355 non

469 1393 622 1452 enim
650 1393 860 1453 Pithoei
888 1393 1205 1452 editionem
1235 1393 1426 1471 operis
1454 1392 1700 1453 librariis
1727 1393 2131 1453 excudendum
2162 1393 2421 1463 tradidit,
2463 1393 2518 1451 iu
2551 1411 2672 1471 qua

471 1489 683 1559 omnia,
726 1489 897 1548 etiam
932 1488 1231 1549 manifeste
1262 1490 1490 1559 vitiosa,
1534 1487 1786 1549 fideliter
1809 1489 2106 1567 descripta
2133 1491 2518 1569 reperiuntur,
2564 1488 2668 1548 sed

473 1586 807 1657 Schrevelii‚
835 1589 936 1665 qui
965 1606 1142 1663 saepe,
1187 1586 1528 1646 Salmasiani
1554 1586 1800 1646 nominis
1826 1596 2107 1663 praetextu
2141 1606 2297 1657 usus,
2342 1606 2473 1645 suas
2504 1585 2676 1646 nobis

471 1681 909 1742 emendationes
938 1682 1210 1754 obtrusit,
1256 1689 1500 1760 quarum
1535 1683 1731 1760 justas
1776 1683 2024 1742 rationes
2065 1683 2302 1741 innotis
2347 1675 2673 1752 nec-dedit,

476 1797 583 1837 nec
634 1778 774 1837 dare
813 1777 1120 1856 potuisset.
1205 1780 1478 1839 Ceterum
1531 1780 1783 1839 Scholiis
1832 1780 1944 1838 illis
1992 1780 2182 1857 majus
2231 1777 2350 1838 sere
2400 1779 2671 1855 pretiut'n,

475 1891 648 1952 quam
690 1875 847 1952 quod
881 1894 1014 1934 vere
1055 1873 1164 1933 illis
1192 1884 1301 1945 est,
1344 1873 1706 1934 constituisse
1746 1875 2089 1934 crediderim
2116 1876 2247 1934 Jan.
2275 1873 2671 1950 Rutgersium,

476 1970 578 2047 qui
624 1970 683 2030 in
713 1971 849 2031 Var.
897 1972 1092 2031 Lectt.
1141 1988 1185 2029 1.
1240 1970 1332 2030 16.
1376 1971 1453 2028 ita
1495 1970 1571 2028 de
1613 1970 1679 2028 iis
1708 1968 2043 2045 judicavit:
2090 1969 2257 2027 ‘Jam
2299 1968 2521 2045 pridem
2565 1980 2676 2036 est,

475 2087 610 2130 cum
637 2069 704 2128 P.
731 2069 990 2128 Pithoeus
1026 2068 1479 2126 eruditissimum
1508 2066 1812 2126 Juvenum
1843 2066 2203 2126 Scholiasta·
2242 2066 2450 2127 edidit.
2535 2068 2674 2135 Quo

477 2161 768 2223 beneficio
812 2164 905 2220 vix
951 2163 1068 2222 dici
1113 2172 1327 2239 potest,
1382 2170 1665 2238 quantum
1709 2161 1971 2221 cultioris
2019 2162 2334 2221 literaturae
2380 2161 2676 2221 studiosos

479 2258 845 2318 demet-uerit.
935 2257 1037 2316 Est
1076 2258 1224 2316 enim
1258 2259 1302 2316 is
1334 2262 1580 2328 Auctor,
1627 2258 1684 2317 in
1713 2277 1831 2336 quo
1860 2258 2043 2316 multa
2084 2277 2154 2316 ac
2189 2255 2483 2318 recondita
2524 2257 2678 2316 anti·

478 2355 712 2432 quitatis
742 2353 980 2430 vestigia
1007 2353 1426 2431 deprehendas,
1459 2374 1594 2432 quae
1622 2373 1737 2413 non
1768 2355 1848 2413 ita
1875 2354 2108 2413 aliunde
2140 2353 2353 2413 hauriri
2382 2363 2675 2431 poterant.

482 2450 703 2508 Multas
731 2468 949 2525 easque
972 2449 1202 2525 ignotas
1232 2449 1601 2508 nobis·affert
1622 2449 1929 2508 historias:
1973 2449 2157 2509 multa
2183 2450 2242 2507 in
2269 2450 2549 2509 Juvenale
2579 2471 2682 2509 ex-

478 2547 683 2623 plicat,
732 2547 789 2604 in
821 2545 1036 2621 quibus
1080 2545 1386 2615 hactenus,
1429 2554 1727 2623 quotquot
1758 2546 2108 2623 Interpretes
2148 2547 2277 2623 ejus
2301 2555 2520 2616 extant,
2570 2545 2680 2605 ἴω·

478 2640 710 2701 dissime
736 2642 882 2719 lapsi
924 2648 1079 2699 sunt.
1164 2643 1254 2699 Ac
1283 2640 1453 2717 longe
1496 2640 1664 2717 plura
1691 2661 1763 2699 ex
1805 2661 1875 2699 eo
1904 2641 2051 2700 disci
2089 2651 2378 2719 poterant,
2424 2640 2529 2699 nisi
2555 2650 2677 2700 tam

480 2737 793 2797 crudeliter
819 2736 1175 2796 deformatus
1200 2737 1285 2795 ad'
1306 2756 1413 2795 nos
1444 2737 1713 2808 venisset,
1758 2748 1819 2796 ut
1843 2737 1956 2795 -vix
1986 2738 2103 2796 ulla
2129 2739 2187 2796 in
2230 2758 2302 2797 eo
2329 2748 2468 2796 nota
2497 2746 2679 2810 extet,

481 2854 616 2914 quae
643 2854 758 2894 non
804 2833 1011 2911 insigni
1037 2833 1235 2912 aliquo
1282 2833 1493 2892 mendo
1533 2843 1771 2911 turpata
1816 2833 1931 2896 sit!
2012 2833 2147 2891 Non
2185 2833 2421 2911 quidem
2453 2834 2500 2892 is
2547 2852 2679 2892 sum

482 2931 584 3008 qui
638 2940 828 3008 neget,
882 2930 1247 2990 Scholiasten
1301 2930 1671 2990 Pithoeanum
1727 2929 1904 2988 fuisse
1962 2930 2252 3020 hominem
2304 2929 2548 2988 doctum
2607 2948 2678 2989 ac

481 3027 731 3103 peritum
766 3025 937 3101 juris,
968 3025 1242 3096 historias,
1285 3026 1596 3103 religioniS,
1647 3026 1978 3102 rituumque
2008 3023 2292 3094 veterum,
2331 3026 2434 3102 qui
2462 3025 2679 3103 passim

483 3128 677 3202 poetae
720 3131 968 3179 mentem
1009 3131 1166 3180 recte
1207 3121 1445 3198 ceperit,
1492 3122 2038 3199 multumque-lucis
2077 3119 2349 3180 affuderit
2391 3120 2536 3180 locis
2578 3120 2682 3179 ali-

484 3226 634 3295 quot
666 3216 954 3276 obscuris.
1038 3217 1245 3294 Neque
1291 3217 1465 3275 etiam
1509 3216 1810 3286 dissimilo,
1841 3216 2071 3274 -multas
2109 3217 2238 3293 ejus
2275 3215 2681 3275 annotationes

482 3324 608 3371 tum
662 3314 909 3390 priscam
966 3322 1212 3382 aetatem,
1272 3325 1394 3372 tum
1451 3313 1777 3392 elegantem
1837 3312 2068 3390 pulchri
2120 3329 2350 3369 sensum
2408 3310 2683 3389 prodere,

484 3407 787 3485 variasque
829 3410 997 3470 nobis
1047 3428 1302 3468 servasse
1339 3409 1591 3481 fabulas,
1639 3409 1906 3468 historias
1951 3416 2013 3466 et
2051 3407 2352 3484 opiniones
2392 3407 2681 3485 antiquas,

485 3524 619 3582 quae
659 3505 797 3562 alibi
835 3506 1050 3564 frustra
1091 3515 1449 3583 quaeruutur.
1532 3505 1645 3564 Sed
1686 3507 1841 3564 idem
1884 3524 2122 3582 quoque
2160 3515 2317 3562 recte
2361 3503 2499 3561 mihi
2542 3522 2684 3563 con·-

486 3599 724 3661 tendere
768 3599 984 3670 videor,
1030 3602 1280 3678 primum
1332 3601 1505 3678 longe
1553 3599 1830 3679 plurimas
1872 3599 2001 3677 ejus
2043 3593 2467 3675 explicationes
2507 3598 2681 3656 nimis

486 3698 645 3756 leves
672 3716 743 3755 ac
773 3696 1047 3765 triuiales,
1092 3706 1293 3755 tenues
1323 3707 1380 3754 et
1412 3697 1676 3774 jejunas,
1724 3695 1962 3754 subtiles
1990 3705 2048 3754 et
2077 3706 2330 3772 argutas,
2374 3695 2593 3755 alienas
2625 3705 2686 3755 et

486 3794 729 3870 ineptas,
760 3792 1040 3850 obscuras
1065 3803 1128 3851 et
1156 3801 1454 3851 contortas
1483 3811 1644 3862 esse;
1692 3791 1920 3861 deiude,
1966 3795 2197 3869 quoties
2237 3790 2359 3850 fere
2387 3792 2420 3850 J
2429 3793 2685 3853 uvenalis

487 3889 563 3949 ad
594 3890 819 3968 ignotos
848 3890 1015 3948 nobis
1046 3889 1305 3948 homines
1334 3890 1422 3950 vel
1450 3901 1692 3948 eventus
1731 3889 1816 3947 sui
1843 3888 2122 3965 temporis
2163 3885 2434 3965 respiciat
2461 3901 2517 3947 et
2547 3890 2684 3951 inde

490 3984 785 4044 materiam
805 3993 973 4064 'petat
1015 3984 1373 4054 facetiarum,
1419 3985 1603 4055 illum,
1633 3985 1903 4052 Acronis,
1947 3983 2382 4064 Porphyrionis„
2414 3987 2688 4044 aliorum-

489 4104 606 4163 que
632 4084 1137 4162 grammaticorum
1165 4082 1455 4166 exempln,
1501 4101 1615 4140 ncn
1646 4081 1762 4139 alia
1789 4100 1860 4139 ac
1886 4081 2057 4158 plura
2096 4099 2202 4137 nos
2232 4080 2468 4152 docere,
2510 4102 2684 4159 quam

491 4199 624 4257 quae
665 4200 737 4241 ex
779 4180 923 4259 ipsis
965 4186 1158 4259 poetae
1200 4179 1391 4240 verbis
1436 4198 1793 4257 cognoscere
1833 4177 2024 4248 liceat,
2073 4175 2184 4248 vel,
2224 4178 2360 4257 quia
2390 4169 2536 4258 haec·
2564 4198 2684 4240 non
