2992 4859
1188 270 1466 322 sarim
1510 270 1611 324 lv·

306 410 571 489 Dicere,
602 410 878 477 sorbitio
905 411 1081 478 tollit
1100 431 1297 497 quem
1327 412 1475 478 dira
1495 412 1736 479 cicutoe
1757 409 1817 497 z)

305 509 467 591 Quo
495 510 703 579 fretus
719 514 752 577 ‘l
796 512 906 579 dic
934 514 1085 593 hoc,
1112 515 1336 598 magni
1364 514 1627 598 pupille
1651 513 1916 580 Pericli.

300 716 2509 786 mmmmm.)nmnmrmmomm

1221 848 1426 869 ‘OM‘
1432 847 1578 868 OM

363 929 392 975 1
428 925 871 981 HoccrsdeEdit.
902 929 1185 994 Stephe-ss
1217 929 2232 990 QuidamCodd0dura5minusrecte:
2266 927 2492 980 cicutam

1285 1060 1502 1113 NOTAE

297 1163 483 1224 φατι
522 1173 696 1210 rursus
742 1159 979 1224 ejusden
1031 1160 1354 1214 Alcibiadem

294 1233 530 1285 Primum
549 1235 803 1301 imitatur,
830 1236 1058 1303 indeque
1081 1240 1353 1290 materiam

294 1324 498 1362 omnem
530 1326 592 1362 ac
613 1312 869 1364 Personas
892 1317 1122 1377 assuuiit,
1155 1322 1214 1366 ut
1247 1316 1353 1367 Ne-

294 1387 426 1450 roni,
463 1403 614 1453 quem
653 1389 954 1454 insectatur,
984 1387 1165 1443 lateat.
1248 1392 1354 1442 Hic

291 1461 472 1528 itaque
505 1478 598 1527 per
626 1462 949 1515 Alcibiadem
991 1467 1136 1517 Nero
1170 1466 1355 1516 intelli-

291 1537 509 1602 gendus,
545 1554 638 1604 per
682 1543 946 1591 Socratem
992 1541 1220 1603 Persius,
1265 1543 1353 1607 qui

281 1611 535 1676 juvenum
579 1614 969 1678 Rempublicarn
1008 1617 1140 1665 mule
1172 1631 1352 1681 capes-

290 1688 510 1737 sentium
537 1688 802 1753 redarguit
834 1690 1146 1754 imperitiam
1181 1706 1241 1742 uc
1275 1699 1351 1743 te·

288 1761 599 1812 meritatem.

352 1836 620 1888 Βσὸιιίιιιιι
638 1839 940 1903 nogiaeran]
984 1840 1254 1892 Socratem
1276 1842 1355 1892 ni·

287 1910 493 1975 mirum,
530 1923 588 1961 ut
633 1914 858 1979 probant
898 1916 1160 1980 adjuncta.
1227 1917 1354 1967 Ber-

289 1986 454 2037 botua
473 1995 654 2050 vocat;
680 1990 760 2038 vel
782 1991 905 2055 quia
927 1991 1135 2041 barbam
1158 1993 1351 2056 alebat,

289 2062 714 2127 quamadmodum
741 2073 796 2112 et
828 2065 916 2113 alii
940 2066 1001 2114 iis
1038 2066 1352 2130 temporibus

284 2137 589 2203 Philosophi
613 2156 625 2188 z
653 2142 754 2200 vel,
774 2154 837 2189 eo
857 2140 1017 2205 quod,
1035 2148 1096 2191 ut
1126 2149 1353 2193 testatur

286 2214 483 2266 Tullius
503 2221 554 2265 4.
578 2215 643 2264 de
668 2216 895 2279 Finibus,
910 2217 1050 2280 apud
1086 2218 1345 2270 Romanos

286 2292 486 2357 antiqui
516 2291 791 2355 Sapientes
829 2293 1032 2343 honoris
1066 2308 1225 2343 causa
1244 2294 1352 2344 bar·

285 2364 389 2415 bati
408 2366 740 2417 vocabantur.
793 2368 864 2418 Et
888 2368 1024 2418 Piin.
1046 2368 1100 2417 in
1130 2369 1349 2433 Epistol.

284 2443 303 2471 ⁴
325 2443 533 2504 Barba,'
565 2444 753 2509 inquit,
787 2445 1025 2508 ‘sylvosa
1054 2451 1111 2494 et
1134 2446 1348 2508 pulchre

284 2516 433 2580 alita,
453 2518 684 2582 quamvis
700 2532 784 2568 res
817 2518 932 2581 ipsa
951 2519 1020 2568 sit
1040 2520 1269 2569 exterior
1292 2527 1348 2570 et

285 2590 521 2655 fortuita,
546 2594 685 2643 inter
719 2594 937 2644 hominis
971 2595 1165 2645 cruditi
1195 2594 1348 2661 insig-

286 2667 374 2717 nia
389 2670 723 2719 recensetur?
788 2669 1072 2719 Athenoeus
1101 2670 1194 2721 lib.
1219 2684 1345 2722 1111.

287 2741 364 2792 ait
381 2741 669 2794 Alexandri
692 2751 893 2795 tantum
916 2746 1110 2795 seculo
1128 2744 1347 2796 barbam

283 2817 501 2869 radendi
518 2819 779 2870 invectum
797 2835 1009 2885 morem,
1026 2837 1089 2872 ac
1113 2822 1347 2873 derasam

283 2892 499 2944 berham
516 2892 758 2960 flagitiosi
772 2895 991 2945 hominis
1010 2904 1185 2946 notam
1219 2897 1349 2947 exti-

284 2967 428 3019 tisse-

351 3044 670 3108 Μαρίαν-ια]
703 3045 808 3094 Seu
825 3045 947 3110 quia
968 3043 1072 3097 suit
1089 3047 1344 3098 Socrates

281 3117 611 3183 Paedagogus
634 3118 954 3170 Alcibiadis:
977 3122 1085 3171 sive
1107 3124 1269 3188 quod,
1285 3131 1343 3174 ut

283 3195 445 3246 hahet
496 3197 679 3247 Cicero
717 3197 785 3247 de
841 3196 1053 3246 Finibus
1085 3211 1149 3247 ιι.
1197 3213 1250 3249 ιι.
1293 3203 1340 3248 1.

283 3270 302 3299 ⁴
325 3270 568 3322 Socrates
609 3271 954 3337 Philosophiae
997 3286 1182 3336 parens
1221 3274 1344 3338 jnre

283 3346 388 3397 dici
410 3346 620 3411 potest!
651 3361 716 3398 11.
750 3346 815 3396 de
847 3349 1052 3400 Nature
1092 3351 1346 3413 Deorum,

281 3438 340 3475 n.
385 3428 496 3475 167.
544 3426 561 3454 ‘
583 3424 839 3490 Princeps
878 3433 963 3476 est
1009 3426 1345 3491 Philosopho-

283 3498 436 3549 rum.’
476 3500 631 3550 Tusc-
653 3501 854 3553 Quoest.
878 3514 963 3549 ιιι.
1003 3515 1052 3551 ιι.
1075 3506 1125 3551 8.
1148 3503 1164 3528 ‘
1184 3500 1233 3550 Α
1256 3503 1344 3552 So-

283 3580 432 3625 crate
451 3575 615 3624 omnis
637 3590 751 3639 qum
766 3583 847 3626 est
864 3576 929 3626 de
945 3577 1057 3627 vita
1070 3584 1128 3630 et
1149 3577 1216 3627 de
1237 3592 1342 3628 mo·

285 3650 426 3701 ribus
438 3651 770 3716 Philosophia
787 3652 1052 3702 manavit!
1114 3654 1265 3704 Tusc.
1288 3669 1341 3706 v.

284 3740 338 3776 n.
362 3730 441 3776 10.
460 3728 476 3755 ‘
498 3721 705 3776 Primus
733 3728 822 3777 ille
843 3729 1232 3794 Philosophiam
1254 3730 1342 3780 de-

283 3803 490 3852 vocavit
508 3816 539 3851 e
563 3803 727 3864 Coelo,
746 3813 804 3854 et
843 3804 898 3854 in
937 3805 1149 3856 urbibus
1189 3807 1343 3857 eollo-

282 3877 441 3940 eavit,
498 3882 556 3928 et
604 3878 656 3927 in
704 3878 882 3929 domos
925 3881 1246 3931 introduxit:
1287 3889 1343 3932 et

285 3953 461 4024 coegit
481 3953 548 4004 de
572 3954 681 4003 vitu
711 3962 768 4006 et
800 3955 1045 4021 moribus,
1087 3955 1342 4021 rebusque

281 4027 430 4086 bonis
451 4038 508 4080 et
529 4031 676 4080 malis
695 4031 963 4096 quaerere!

343 4109 377 4156 2
426 4103 639 4158 subitio
679 4106 872 4171 cicuta]
945 4107 1082 4160 Plin.
1125 4120 1241 4161 xiv.
1290 4112 1343 4158 5.

1434 1166 1451 1194 ‘
1467 1162 1650 1227 Sicut‚'
1671 1162 1857 1229 inquit,
1875 1163 1893 1193 ⁴
1918 1163 2096 1214 cicuta
2124 1162 2318 1214 homini
2340 1175 2494 1213 vene-

1434 1253 1556 1288 num
1574 1245 1675 1301 est,
1705 1239 1781 1289 sic
1801 1239 1988 1289 ciente
2020 1235 2231 1287 vinum.’
2295 1237 2367 1286 Et
2399 1236 2493 1286 lih.

1432 1326 1566 1365 xxv.
1611 1314 1784 1378 capite
1815 1314 2026 1364 ultimoz
2071 1313 2088 1341 ‘
2113 1312 2299 1362 Cicuta
2337 1324 2494 1361 vene-

1434 1403 1555 1438 num
1578 1395 1680 1451 est,
1698 1389 1906 1453 publica
1928 1387 2317 1438 Atheniensium
2339 1400 2496 1451 poena

1432 1467 1637 1529 invisa:
1656 1470 1755 1517 dcc.
1825 1467 1996 1531 Hujus
2017 1480 2224 1515 succum
2245 1464 2493 1514 iethalem

1432 1541 1500 1590 ah
1522 1542 1738 1605 ingratis
1770 1541 1971 1592 civibus
1995 1542 2200 1605 jussum
2221 1539 2494 1589 Socratem

1432 1614 1679 1678 ebibisse,
1695 1616 1842 1666 testis
1858 1622 1941 1666 est
1958 1616 2113 1665 Plato
2135 1629 2251 1664 eum
2269 1613 2477 1664 ceteris.

1501 1690 1654 1747 Qum
1694 1691 1820 1742 louis
1856 1690 1989 1755 dira]
2058 1691 2262 1741 Socrati
2305 1703 2491 1755 nempe

1433 1768 1640 1817 oraculo
1661 1767 1915 1833 Apollinis
1938 1766 2314 1830 sapientissimo
2333 1763 2494 1816 homi·

1434 1856 1554 1891 nuru
1571 1842 1807 1907 judicato
1821 1845 1994 1906 plures
2008 1841 2330 1891 invidebant.
2363 1840 2493 1905 Ejus

1434 1925 1611 1967 autem
1630 1918 2079 1982 reprehensionum
2097 1915 2307 1981 quidam
2328 1915 2493 1980 impa-

1433 1991 1645 2054 tientes,
1691 1991 1876 2041 fraude
1932 1992 2308 2056 circumvento,
2341 1990 2491 2055 quasi

1421 2065 1679 2119 'adversus
1718 2068 2020 2132 religionem
2076 2066 2314 2116 Deorum
2359 2080 2494 2116 nova

1431 2143 1664 2193 molienti
1698 2144 1982 2208 perniciem
2035 2142 2315 2192 machinati
2353 2147 2493 2192 suut.

1429 2220 1617 2269 'restes
1639 2225 1760 2268 sunt
1782 2218 2035 2283 Apuleius
2057 2218 2146 2267 lib.
2165 2229 2219 2267 x.
2237 2216 2307 2267 de
2329 2214 2492 2265 Asino

1429 2309 1623 2356 aureo;
1654 2294 1810 2344 Plato
1853 2294 1904 2343 in
1950 2293 2180 2344 Socratis
2215 2290 2491 2355 Apologia.

1430 2369 1747 2433 Lactantius,
1769 2384 1821 2420 ν.
1839 2374 1919 2419 15.
1974 2369 2194 2419 Sanctus
2214 2366 2492 2432 Augustin-

1427 2444 1518 2495 lib.
1538 2458 1664 2496 vin.
1685 2449 1735 2495 8.
1760 2445 1826 2494 de
1866 2445 2094 2495 civitate
2120 2443 2243 2504 Dei,
2269 2442 2289 2469 ‘
2309 2443 2493 2493 Socra-

1430 2519 1549 2583 tes,’
1592 2519 1778 2585 inquit,
1820 2519 1837 2547 ‘
1869 2519 2147 2568 concitatis
2208 2517 2490 2568 iuimicitib

1427 2597 1747 2645 calumniosa
1802 2595 2161 2645 criminatione
2214 2594 2490 2645 damnatus

1427 2678 1593 2721 morte
1611 2671 1891 2721 mulctatus
1910 2676 2011 2719 est.
2053 2669 2153 2718 Sed
2173 2682 2290 2718 eum
2310 2673 2493 2731 postea

1427 2746 1518 2797 illa
1535 2746 1650 2810 ipsa
1678 2759 1793 2811 qua
1818 2744 2021 2808 publice
2049 2742 2385 2791 damnaverat
2416 2739 2519 2792 A·.

1427 2822 1768 2876 theniensinm
1790 2820 1973 2869 civitas
1999 2818 2206 2882 publice
2228 2817 2394 2866 luxit:
2433 2816 2491 2866 in

1426 2897 1556 2947 duos
1574 2897 1688 2960 ejus
1703 2899 2033 2945 accusatores
2056 2907 2215 2957 usque
2237 2890 2369 2941 adeo
2391 2905 2482 2956 po·

1426 2972 1537 3035 puli
1571 2971 1924 3036 indignatione
1956 2982 2222 3029 conversa,
2257 2972 2321 3016 ut
2357 2980 2489 3016 unus

1423 3061 1605 3097 eorum
1640 3061 1918 3111 oppressus
1951 3044 2002 3095 vi
2034 3043 2375 3095 multitudinis
2412 3043 2487 3092 in-
2519 3093 2525 3100 ,

1423 3123 1607 3174 teriret
1627 3141 1643 3185 ς
1673 3123 1827 3173 exilio
1841 3130 2015 3172 antem
2030 3121 2321 3172 voluntario
2329 3127 2488 3186 atque
2498 3163 2509 3170 -

1424 3207 1685 3264 perpetuo
1702 3213 1905 3264 poenam
1941 3197 2158 3247 similem
2196 3198 2333 3246 alter
2363 3209 2483 3247 eva·

1423 3274 1595 3325 deret.
1678 3276 1809 3324 Tam
1845 3274 2096 3339 preclara
2148 3272 2308 3337 igitur
2359 3272 2484 3324 vitm

1424 3349 1707 3415 mortisque
1730 3349 1865 3399 famu
1883 3349 2131 3399 Socrates
2148 3348 2357 3413 reliquit
2375 3349 2487 3412 plu-

1423 3424 1581 3474 rimos
1614 3439 1720 3474 suoe
1762 3423 2114 3488 Philosophia
2150 3421 2486 3473 Sectatores!

1423 3497 1703 3548 Athenaeus
1719 3498 1810 3548 lib.
1830 3510 1954 3547 xm.
1968 3496 2032 3548 ad
2050 3496 2223 3558 finem,
2239 3497 2395 3561 paulo
2415 3496 2488 3546 di-

1422 3588 1621 3625 versam
1636 3572 1789 3623 affert
1804 3587 2009 3623 causam
2030 3572 2213 3623 mortis
2230 3572 2453 3622 Socratis
2471 3590 2487 3636 ;

1421 3663 1608 3714 nempe
1629 3649 1699 3698 ob
1720 3649 2019 3713 frequentes
2047 3649 2169 3716 ejus,
2194 3649 2250 3698 in
2281 3647 2486 3714 discep-

1422 3726 1580 3775 tando
1612 3725 1936 3790 ambitiones,
1956 3725 2111 3789 rixas,
2140 3731 2197 3776 et
2232 3725 2486 3789 importu-

1422 3816 1515 3851 nas
1539 3802 1976 3866 reprehensiones,
2011 3807 2065 3850 et
2086 3816 2204 3852 cum
2228 3800 2366 3866 apud
2387 3801 2479 3853 Ju-

1422 3877 1566 3927 dices
1587 3884 1726 3927 sorte
1749 3877 1915 3939 datos,
1947 3875 2294 3928 furacissimos
2323 3875 2484 3926 homi-

1420 3968 1529 4014 nes,
1553 3954 1618 4003 de
1632 3954 1777 4019 justo
1798 3953 2143 4004 disseruisset.

1492 4033 1524 4077 8
1561 4029 1861 4093 ῥαίνειν]
1894 4030 2014 4080 Qua
2038 4027 2243 4092 peritia,
2282 4038 2384 4090 quo
2406 4037 2484 4075 re-

1427 4120 1543 4156 rum
1565 4120 1678 4171 usu,
1698 4105 1885 4175 quibus
1909 4103 2186 4156 virtutibus
2204 4102 2391 4168 polles,
2422 4109 2485 4154 ut
