2992 4859
1297 341 1599 398 'SA'HRA
1657 349 1710 398 1.
1766 345 1815 380 -'

409 486 679 567 Dicere,
710 510 816 555 res
840 491 1117 574 grandes
1145 500 1371 559 nostro
1400 493 1518 558 dat
1547 492 1755 558 Musa
1782 493 2025 577 poetae.

495 589 675 655 Ecce
702 592 900 657 modo
926 592 1161 657 heroas
1188 614 1427 657 sensus
1456 595 1686 659 afferre
1716 595 2021 660 videmus

405 690 667 774 Nugari
699 694 927 757 solitos
957 693 1223 772 Graece,
1251 715 1376 759 nec
1407 716 1654 779 ponere
1681 698 1904 762 lucum

406 792 742 871 Artifices,
771 814 894 858 nec
919 816 1030 859 rus
1057 803 1353 861 saturum
1380 798 1672 875 laudare,
1700 798 1816 862 ubi
1842 799 2101 880 corbeS,

405 893 494 959 Et
520 893 734 973 focae,
762 901 830 960 et
852 899 1062 980 porci,
1091 905 1158 964 et
1184 897 1447 963 fumosa
1477 899 1723 965 Palilia
1749 899 1971 983 foeno3

2515 700 2605 765 ‘70

375 1090 612 1154 aenda,
642 1073 1246 1158 sensum-afim,
1286 1095 1655 1160 Mani-spinae
1687 1096 2090 1150 mammam
2131 1098 2263 1152 Vm.
2334 1100 2604 1156 seuam

398 1157 632 1204 caninas
648 1158 889 1205 manauco
906 1158 1108 1208 scribere
1128 1160 1318 1209 hev-om
1329 1159 1487 1220 suctu,
1506 1163 1589 1224 qm·
1603 1160 1811 1210 solebant
1829 1165 2039 1212 tractare
2056 1178 2212 1225 uagus
2235 1162 2421 1227 Gracc,
2442 1169 2488 1211 et
2509 1178 2605 1211 non

391 1219 575 1281 peritos
593 1220 852 1271 describere
882 1237 1079 1280 aenan
1109 1239 1193 1273 nec
1211 1225 1444 1274 celebrare
1463 1239 1635 1287 agr-am
1656 1225 1988 1289 mmmm,
2022 1228 2074 1275 in
2095 1242 2182 1291 quo
2202 1227 2412 1291 cophini,
2450 1233 2496 1275 et
2519 1242 2601 1277 cu-

399 1283 570 1348 minas,
599 1289 646 1333 et
664 1300 786 1349 sues,
823 1291 871 1335 et
896 1285 1031 1347 fectu
1053 1288 1189 1338 Puh‘a
1219 1290 1351 1338 Deae
1375 1289 1510 1350 foeao
1534 1290 1746 1339 ardente
1756 1288 2030 1361 fumantia.-
2064 1306 2125 1341 ex
2145 1307 2234 1356 quo
2257 1304 2376 1341 rure
2402 1291 2601 1356 prodiit

1321 1423 1498 1444 “00“
1504 1422 1681 1443 “OG“

396 1509 517 1560 dam
541 1512 686 1564 Editi
709 1510 1011 1575 praeferunt,
1049 1511 1442 1566 cambam-69
1473 1516 1629 1567 Hauc
1650 1517 1981 1581 scripturam,
2005 1518 2232 1577 videm,
2256 1517 2411 1568 etiam
2434 1523 2604 1566 vetus-

398 1575 580 1650 tissimi
603 1578 806 1639 qnidam
833 1578 974 1627 Libri
998 1585 1236 1629 servant:
1272 1578 1444 1629 firmat
1466 1581 1606 1644 quod
1627 1583 1880 1646 sequitur,
1901 1597 2008 1631 cam
2036 1582 2199 1631 uideas
2216 1601 2233 1632 .·
2266 1589 2321 1631 et
2344 1582 2419 1631 ita
2451 1595 2603 1644 supe-

396 1653 519 1704 rma,
534 1641 633 1690 Hic
651 1656 798 1705 aeque
814 1658 942 1692 more
961 1642 1305 1706 praenotans.-
1364 1644 1503 1694 lacet
1524 1651 1695 1694 tamen
1717 1647 1947 1708 dorma,
1966 1661 2082 1696 cum
2105 1646 2374 1710 Bongarsii
2389 1646 2602 1707 Codice,

396 1710 452 1753 et
473 1706 727 1754 nonnullis
749 1706 878 1756 aliis.
913 1705 1102 1756 Refero
1125 1709 1260 1757 enim
1381 1710 1622 1758 doctores
1638 1710 1952 1774 juventutis,
2017 1711 2068 1759 ui
2085 1725 2261 1760 eorum
2285 1710 2465 1760 inanes
2488 1710 2599 1758 ani-

393 1783 506 1819 mos
521 1783 690 1820 rerum
713 1771 1012 1834 cognitione
1027 1772 1095 1824 ad
1114 1786 1301 1837 magna
1322 1774 1465 1837 prius
1489 1774 1721 1839 aspirare
1751 1774 2002 1839 praecipie
2109 1782 2148 1838 t,
2179 1790 2333 1840 quam
2357 1775 2411 1824 in
2433 1774 2603 1839 planis

1383 1923 1603 1975 NOTAE

367 2041 660 2114 ‘Tragoedia
683 2067 797 2117 qum
836 2053 1133 2118 Principum
1165 2053 1309 2105 facta
1330 2070 1449 2106 con-
1533 2055 1697 2119 telligi
1720 2060 1956 2120 possunt,
1979 2054 2111 2104 sicut
2133 2058 2188 2103 et
2206 2051 2387 2115 nugari
2405 2051 2595 2102 Graece

386 2126 540 2182 tinet.
574 2126 772 2179 Alludit
794 2129 876 2180 bic
895 2129 1103 2180 Persius
1121 2130 1186 2186 ad
1208 2132 1449 2194 Thyestae

385 2217 602 2266 coeuam,
644 2205 695 2253 in
737 2220 837 2271 qua
874 2206 961 2256 ille
997 2215 1174 2259 coctos
1213 2206 1345 2257 filios
1382 2209 1449 2259 ab

386 2277 550 2329 Atreo
584 2277 766 2343 fratre,
807 2282 990 2332 inscius
1032 2285 1126 2344 rei,
1162 2291 1218 2334 et
1255 2285 1448 2349 impru-

386 2356 511 2405 dens
534 2356 821 2407 devoravit.
889 2358 1026 2418 ibide
1048 2359 1296 2411 Senecam
1323 2362 1449 2413 Tra·

383 2447 573 2498 gneum.

447 2513 512 2559 68
545 2509 645 2559 Res
659 2512 882 2576 pendes,
900 2511 1009 2575 isc-J
1073 2511 1282 2566 Ironica
1325 2523 1446 2565 sunt

380 2587 500 2637 ista.

383 2649 392 2662 ⁶
445 2667 511 2713 ⁶9
544 2665 668 2715 Em
709 2668 841 2716 niodo
878 2668 1059 2731 herous,
1094 2670 1202 2733 qa]
1256 2668 1442 2720 Heroi-

378 2754 496 2794 cum
539 2757 748 2793 carmen
791 2744 1119 2794 scribendum
1174 2747 1442 2795 nonnullos

377 2817 635 2868 cernimus
655 2818 943 2883 suscipere,
980 2820 1137 2869 etiam
1159 2819 1441 2883 imperitos.

441 2897 509 2944 70
562 2896 756 2956 Naguri
789 2891 953 2946 solitu
989 2897 1181 2960 Groece]
1226 2897 1309 2947 An
1349 2898 1437 2963 qui

361 2971 605 3032 ‚carmina
628 2972 926 3022 Graecorum
954 2972 1132 3037 inepte
1153 2973 1203 3022 in
1228 2973 1439 3023 Latinos

378 3060 555 3096 versus
599 3049 933 3110 transferunt,
987 3056 1046 3099 nt
1087 3048 1214 3099 fecit
1254 3049 1437 3101 Actius

357 3120 584 3180 Labeo?
651 3121 731 3172 An
776 3125 864 3189 qui
908 3125 1156 3188 Hugnam
1198 3126 1438 3177 Graecam

371 3197 461 3246 vix
484 3197 603 3248 dum
624 3200 939 3264 deliberant,
969 3216 1136 3267 neque
1159 3203 1289 3252 adeo
1311 3203 1437 3253 satis

372 3273 565 3323 eruditi
606 3273 847 3326 videntur
885 3276 952 3325 ad
994 3279 1096 3327 tale
1133 3284 1436 3344 tantumque

370 3362 521 3413 opus,
572 3351 724 3415 quale
776 3358 857 3401 est
912 3353 1135 3416 Epicum
1192 3354 1434 3418 Carmen,

369 3424 504 3490 quod
545 3440 767 3480 summos
806 3442 902 3492 per
936 3429 1106 3479 omnia
1138 3428 1331 3481 Poetas
1353 3445 1433 3481 re-

369 3501 562 3564 quirit?
651 3504 857 3568 Legunt
892 3505 1075 3570 aliqui:
1134 3507 1257 3556 Ecce
1299 3508 1432 3556 modo

364 3577 531 3628 heroas
569 3595 731 3630 seam
769 3580 948 3646 qfferre
990 3585 1218 3644 docemus,
1257 3582 1433 3645 auguri

361 3654 526 3705 solitu
540 3656 733 3705 (ἕπεσθε
755 3657 1002 3723 aiuntque
1025 3659 1331 3721 reprehendi
1353 3659 1430 3723 ip-

362 3745 446 3780 sos
488 3733 765 3797 Magistros
803 3748 865 3783 ac
904 3734 1287 3806 Praeceptoreg,
1339 3734 1428 3799 qui

359 3807 647 3873 discipulos
670 3823 787 3858 suos
807 3809 1123 3860 instituendo
1143 3810 1205 3858 ad
1225 3810 1428 3872 grandi·

362 3883 699 3948 loquentiam,
738 3899 837 3934 uon
881 3894 986 3935 tam
1030 3886 1095 3935 ad
1135 3886 1427 3949 sublimem,

361 3974 518 4024 quam
540 3959 608 4011 ad
647 3961 910 4024 turgidum
951 3964 1286 4026 ineptumque
1318 3970 1425 4025 sty-

361 4037 467 4084 lum
490 4049 578 4086 eos
612 4035 974 4086 deducebant:
1013 4036 1148 4102 quod
1183 4036 1425 4087 videntur

360 4111 667 4163 confirmare
690 4115 997 4178 sequentia:
1025 4113 1130 4177 ubi,
1150 4127 1233 4162 aee
1248 4128 1423 4180 ponere

357 4192 513 4240 laeam
534 4190 765 4257 artifices,
783 4192 865 4254 ξε.
902 4189 1057 4240 rudes
1082 4189 1332 4240 tirunculi
1348 4187 1421 4240 iu*-

1529 2132 1688 2195 soliti,
1719 2147 1836 2182 cum
1873 2132 2050 2182 Romoe
2082 2130 2307 2195 juvenes
2346 2127 2593 2192 Linguam

1531 2208 1747 2272 primum
1791 2207 2029 2256 Graecam
2073 2205 2251 2255 doceri
2304 2205 2596 2254 consuevis-

1528 2292 1664 2335 sent.
1744 2285 1937 2338 Verum
1976 2283 2051 2331 bis
2095 2281 2330 2331 omnibus
2377 2280 2595 2348 omissis,

1528 2362 1703 2425 placet
1769 2358 2106 2422 interpretari
2134 2374 2148 2419 ;
2203 2358 2253 2406 in
2316 2357 2592 2408 scribendo

1527 2437 1780 2498 lascivire,
1818 2450 1960 2485 more
1981 2435 2301 2496 Graecorum,
2330 2432 2514 2498 quibus
2535 2431 2592 2483 id

1523 2512 1775 2563 familiare
1815 2513 1871 2562 iu
1915 2510 2374 2576 descriptionibus,
2440 2517 2497 2561 et
2534 2511 2591 2560 in

1524 2591 1637 2640 aliis
1660 2590 1866 2654 passim.

1590 2668 1695 2717 Nec
1712 2680 1883 2732 ponere
1911 2666 2065 2714 laeuus
2092 2663 2320 2729 artifices,
2348 2662 2453 2726 θα]
2484 2662 2590 2714 Vix

1523 2742 1717 2805 peritos
1766 2746 1994 2791 tractare
2040 2746 2099 2789 ut
2142 2740 2298 2788 decet
2353 2735 2592 2787 faciliora

1523 2824 1846 2881 argumenta,
1880 2817 1933 2865 in
1966 2816 2148 2880 quibus
2184 2815 2354 2863 solent
2389 2814 2588 2864 tirones

1522 2893 1786 2943 exerceri:
1824 2890 1999 2957 qualia
2032 2897 2155 2939 sunt
2189 2887 2474 2951 descriptio
2496 2902 2586 2938 ne·

1522 2968 1697 3030 moris,
1750 2966 1983 3017 laudatio
2027 2966 2101 3014 rei
2144 2964 2366 3014 rusticae.
2450 2962 2587 3013 Vide

1520 3045 1709 3094 Horat.
1736 3043 1883 3093 initio
1906 3041 2050 3092 Artis
2072 3042 2322 3092 Poeticae.
2410 3041 2589 3105 Suspi-

1519 3127 1671 3170 catur
1708 3118 1792 3168 bic
1835 3117 2165 3169 Casaubonus
2212 3116 2450 3166 Persium
2493 3118 2584 3166 ba-

1517 3196 1686 3245 buisse
1705 3196 1758 3244 in
1783 3195 1952 3244 auimo
1991 3195 2220 3259 ineptum
2244 3193 2468 3257 aliquem
2503 3192 2583 3244 sul

1516 3272 1764 3334 temporis
1800 3269 2038 3328 Poetam,
2077 3269 2162 3333 qui
2203 3268 2268 3318 de
2305 3283 2360 3317 re
2388 3267 2587 3318 rustica

1514 3361 1723 3397 carmen
1770 3344 1981 3410 aliquod
2021 3343 2336 3394 inconditum
2371 3358 2581 3407 compo·

1511 3423 1715 3482 suisset,
1750 3434 1850 3486 quo
1869 3419 2006 3468 forte
2041 3426 2377 3483 congesserat
2399 3419 2578 3482 inepte

1512 3497 1748 3562 plurima,
1785 3502 1844 3545 ut
1866 3493 2002 3544 festa
2023 3494 2184 3555 Palis,
2223 3493 2362 3543 urbis
2400 3495 2579 3544 Romae

1514 3573 1799 3636 originem,
1822 3570 2116 3621 Cincinnati
2133 3568 2426 3620 Dictatoris
2457 3569 2580 3620 His-

1512 3650 1729 3700 toriam:
1765 3655 1819 3698 et
1854 3647 2139 3697 leviuscula
2159 3647 2325 3696 multa
2347 3648 2577 3698 studiose

1509 3729 1807 3791 complexus
1828 3723 2018 3787 fuerat,
2055 3731 2113 3773 ut
2141 3722 2346 3787 corbes,
2381 3723 2578 3788 focum,

1508 3818 1712 3869 porcos,
1732 3807 1829 3853 dte.
1863 3801 1937 3851 At
1955 3801 2296 3865 suspicionem
2320 3801 2410 3852 ille
2431 3815 2576 3853 suam

1506 3882 1649 3931 nullo
1671 3878 1826 3929 fulcit
1848 3885 2168 3941 argumento.

1571 3961 1645 4006 ⁷1·
1670 3953 2026 4017 Rusmturum]
2074 3953 2271 4017 Agrum
2313 3952 2577 4003 abundan-

1507 4044 1610 4087 tem
1628 4037 1782 4086 rebus
1803 4034 2054 4086 omnibus.
2556 4023 2565 4030 ”

1566 4119 1632 4163 ⁷2
1668 4110 1872 4175 Palilia]
1919 4111 2074 4160 Pales
2111 4110 2230 4159 Dea
2276 4109 2572 4174 Pastorum,

1506 4189 1574 4240 ab
1597 4189 1660 4240 iis
1682 4188 1952 4239 colebatur
1964 4198 2043 4235 ιι.
2066 4186 2189 4236 Kal.
2214 4183 2343 4237 Mai.
2390 4184 2447 4236 id
2473 4194 2571 4252 est,
