2992 4859
789 373 1150 434 moninus,
1199 368 1292 420 n·
1338 372 1747 433 scamnum
1795 372 2121 422 csnsns.
2466 356 2557 422 13

352 513 714 579 rubeum-it:
758 513 879 578 sed
894 514 974 578 'in
998 514 1154 598 ipsa
1172 514 1406 580 imnioe
1427 519 1662 580 natura
1682 515 1876 582 situm
1895 516 2024 582 hoc
2043 535 2192 581 esse
2212 516 2561 594 existimo„

350 621 427 680 ut
471 616 615 700 ejus
667 616 773 679 vis
819 620 960 679 tum
1005 614 1359 701 praecipua
1402 616 1514 695 sit,
1571 637 1726 683 cum
1772 620 1970 701 quasi
2019 618 2269 702 ambigi
2314 619 2562 700 possit,

348 723 576 782 utrum
605 719 777 782 serio
803 716 1054 783 dictum
1082 716 1195 795 sit,
1222 737 1347 783 nec
1372 737 1480 796 ne,
1511 718 1581 783 id
1609 719 1789 802 quod
1817 725 1956 784 tum
1976 720 2270 785 maxime
2291 718 2558 793 accidat

350 832 623 884 necesse
661 824 784 898 est,
812 839 962 884 cum
990 818 1285 902 iissquee
1314 818 1471 887 ficta
1511 825 1726 887 mente
1749 819 1930 885 dicta
1955 820 2114 896 sint,
2155 821 2329 885 serio
2357 820 2560 887 dictis

354 919 669 987 distincta
690 919 1060 987 videamus.
1147 919 1402 985 Verum
1445 919 1575 984 hac
1612 920 2026 1005 exquisitiori
2061 920 2295 986 ironiae
2323 940 2558 1003 genere

352 1040 683 1107 nunquam
711 1021 921 1088 utitur
948 1019 1222 1101 Noster,
1260 1038 1652 1107 semperque
1681 1024 1815 1088 fere
1840 1041 1980 1087 rem
2009 1022 2116 1087 vel
2141 1021 2313 1087 adeo
2342 1022 2559 1109 depri-

351 1124 476 1189 mit
490 1124 601 1189 vel
628 1130 1006 1207 exaggerat,
1033 1132 1112 1190 ut
1132 1125 1247 1190 vel
1270 1123 1765 1208 stupidissimus
1785 1131 2071 1191 mentem
2090 1143 2315 1190 veram
2337 1129 2554 1210 possit

353 1222 670 1291 divinare.
758 1224 945 1290 Raro
970 1226 1167 1308 igitur
1214 1227 1284 1289 in
1319 1226 1447 1291 hoc
1491 1244 1725 1307 genere
1772 1226 2030 1309 pungit,
2082 1232 2203 1292 aut
2251 1229 2558 1295 aculeum

355 1325 485 1391 ulie
525 1325 598 1390 in
627 1326 920 1393 animum
959 1327 1258 1405 demittit,
1301 1327 1419 1393 sed
1458 1327 1530 1392 id
1556 1333 1810 1393 tanmm
1836 1326 2057 1405 efficit,
2103 1332 2181 1392 ut
2206 1346 2312 1391 res
2338 1330 2562 1401 studio

355 1424 723 1493 deformata
748 1433 817 1492 et
840 1428 1119 1494 distorta
1152 1429 1354 1493 risum
1380 1434 1667 1493 moveat.
2549 1474 2556 1485 .

438 1527 485 1592 J
488 1546 598 1594 am
620 1529 703 1593 de
731 1529 992 1595 dicendi
1020 1550 1274 1613 genere,
1318 1549 1451 1615 quo
1479 1530 1753 1595 Persius
1780 1548 1942 1593 usus
1963 1537 2089 1609 est,
2119 1549 2339 1614 pauca
2365 1532 2558 1599 dica-

354 1648 526 1695 mus.
616 1628 685 1695 N
689 1635 902 1695 onest
925 1630 1093 1695 illud
1118 1630 1419 1707 hilarum,
1442 1630 1777 1714 jocosum,
1822 1631 2135 1710 facetum,
2174 1639 2245 1699 et
2291 1635 2558 1700 urbani-

356 1738 495 1799 tate
548 1730 937 1814 ,salibusque
998 1736 1454 1814 temperatum,
1514 1750 1650 1814 quo
1696 1731 2022 1797 Horatius
2070 1734 2347 1801 lectores
2411 1742 2562 1803 tan-

355 1836 582 1916 topere
628 1831 875 1899 detinet
914 1850 998 1897 ec
1046 1832 1350 1911 delectat,
1396 1834 1514 1897 sed
1560 1835 1744 1899 triste
1792 1835 2197 1919 plerumque,
2250 1856 2558 1903 severum

356 1931 663 2012 mordax,
686 1934 1067 1999 -acerbitate
1096 1940 1165 1999 et
1202 1935 1561 2000 acrimonia
1596 1936 1887 2019 plenum.
1992 1936 2150 2002 'Non
2193 1938 2364 2003 ridet
2399 1940 2559 2004 stul-

354 2036 591 2113 titiam,
614 2035 734 2100 sed
754 2036 1015 2118 flagello
1035 2037 1331 2119 increpat
1354 2036 1521 2100 vitia
1543 2043 1610 2101 et
1639 2036 2127 2121 turpitudinem.
2216 2039 2561 2120 Ingenium

353 2142 589 2202 nactus
615 2137 846 2202 forsan
883 2143 1119 2204 natura
1160 2139 1439 2215 tristius,
1468 2138 1966 2223 modestiaeque
1993 2158 2038 2204 a
2070 2142 2460 2222 parentibus
2487 2143 2561 2215 in

355 2237 712 2303 solitudine
732 2259 925 2323 paene
953 2240 1299 2319 educatus,
1329 2239 1618 2305 Romam
1637 2239 1906 2324 quidem
1927 2241 2048 2306 sed
2070 2240 2157 2306 ad
2183 2245 2562 2325 grmnmati-

236 2372 245 2379 ·
357 2359 479 2406 cos
537 2347 605 2405 et
660 2338 950 2407 rhetores
1000 2342 1256 2407 delnms
1298 2348 1420 2420 est,
1474 2341 1710 2407 deinde
1745 2345 1814 2406 in
1843 2342 2262 2426 disciplinam
2285 2343 2560 2410 Cornuti

355 2443 558 2507 venit.
673 2442 814 2507 Hic
854 2458 1209 2528 generosus
1237 2444 1351 2508 ille
1380 2444 1643 2509 enimus
1680 2443 1961 2527 juvenili
2001 2443 2244 2509 ardore
2295 2444 2561 2511 Stoico-

354 2552 500 2611 tuin
549 2550 892 2628 praecepta
957 2547 1281 2630 arripiens
1340 2566 1383 2610 e
1455 2566 1527 2630 pr
1540 2541 1898 2630 aecep'toris
1965 2546 2402 2624 sermonibus,
2449 2568 2561 2613 res

353 2644 694 2723 hmmnas,
722 2664 858 2709 non
893 2650 970 2710 ut
996 2646 1148 2723 sint,
1189 2646 1306 2711 sed
1335 2653 1410 2712 ut
1430 2666 1584 2711 esse
1608 2647 1914 2723 debeant,
1945 2649 2292 2728 cognovit3
2336 2654 2560 2732 atque,

354 2752 428 2811 ut
452 2747 687 2825 solent,
715 2749 831 2831 qui
858 2749 1198 2813 erectioris
1244 2753 1315 2812 et
1359 2748 1749 2813 ardentioris
1795 2748 2038 2828 ingenii
2076 2752 2252 2823 sunt,
2278 2747 2560 2813 sormam

353 2855 422 2914 et
449 2849 797 2931 imagioem
823 2850 1091 2914 illarum
1138 2855 1353 2917 mente
1399 2851 1729 2933 concepit,
1761 2848 1850 2913 ad
1898 2868 2106 2931 qum
2146 2846 2389 2912 deinde
2417 2867 2561 2913 om-

354 2949 492 3027 nia,
518 2968 673 3033 quse
704 2950 1002 3014 audisset
1028 2948 1417 3026 vidissetve,
1442 2950 1783 3033 exigebat.
1872 2948 2051 3028 Quae
2083 2969 2238 3013 cum
2261 2949 2561 3015 animad-

355 3052 661 3116 vertisset
690 3053 777 3116 ab
807 3052 922 3116 illa
948 3070 1180 3117 norma
1201 3053 1463 3136 longius
1479 3053 1802 3128 aberrare,
1817 3070 2034 3135 eaque
2052 3071 2236 3135 saepe
2252 3051 2559 3129 derideri,

356 3172 510 3240 quoe
540 3155 673 3219 sibi
699 3161 894 3219 extra
919 3171 1178 3219 omnem
1216 3153 1651 3221 dubitationis
1694 3153 1912 3219 aleam
1942 3155 2168 3236 posita
2195 3171 2348 3219 esse
2381 3152 2559 3219 vide-

355 3261 599 3331 rentur,
626 3256 814 3337 gravi
840 3254 1298 3337 indignatione
1342 3272 1667 3320 accensus
1707 3259 1833 3319 est.
1924 3253 2104 3318 Haec
2142 3251 2376 3319 deinde
2406 3274 2560 3319 cum

356 3356 714 3440 premenda
762 3361 960 3434 esset,
1007 3356 1256 3440 vixque
1302 3361 1446 3421 tuto
1495 3356 1663 3419 inter
1718 3354 2273 3420 familiarissimos
2330 3360 2564 3437 posset

355 3457 630 3536 effundi,
677 3477 807 3523 non
846 3457 1061 3522 solum
1106 3457 1512 3521 vehementer
1556 3460 1759 3520 aucta
1805 3461 1931 3534 est,
1975 3474 2200 3519 verum
2247 3456 2452 3518 etiam
2491 3455 2560 3519 in

356 3559 783 3624 acerbitatem
812 3565 881 3623 et
910 3559 1343 3623 acrimoniam
1372 3558 1559 3621 abiit.
1650 3554 1826 3634 Qum
1853 3558 2186 3621 acerbitas
2216 3556 2558 3640 praecipue

358 3680 433 3727 se
487 3662 743 3726 exeruit
786 3663 852 3726 in
891 3662 1352 3726 sententienmi
1376 3658 2034 3734 consor-mationibus,
2060 3658 2126 3721 in
2157 3657 2368 3740 tropis
2395 3654 2562 3740 figu-

357 3762 574 3846 risque
602 3761 987 3846 deligendiS,
1016 3763 1087 3826 in
1115 3763 1355 3847 quibus
1396 3766 1698 3826 extrema
1742 3779 2024 3843 semper,
2053 3777 2207 3842 quae
2237 3758 2560 3848 sermonis
2666 3806 2678 3817 .

354 3865 526 3929 ratio
573 3864 971 3950 suppeditet,
1020 3866 1338 3949 sequitur,
1388 3883 1512 3928 nec
1557 3862 1763 3927 semel
1811 3860 1921 3925 vel
1964 3879 2223 3925 omnem
2269 3879 2463 3925 usum
2499 3864 2568 3924 et

359 3967 915 4045 consuetudinem,
941 3971 1015 4032 ut
1038 3968 1234 4032 nobis
1263 3966 1535 4050 quidem
1555 3962 1847 4041 videtur,
1877 3964 2135 4045 migrat,
2176 3967 2251 4026 ut
2275 3981 2378 4039 ea,
2410 3978 2562 4044 quae

358 4074 713 4154 proponat,
739 4067 1202 4167 indignationis
1230 4067 1657 4133 vehemcmiae
1682 4064 2142 4150 respondeant.

449 4170 631 4239 Hinc
652 4186 895 4256 magua
917 4189 1007 4236 ex
1035 4175 1223 4254 parte
1264 4169 1465 4236 aliud
1492 4168 1729 4247 vitium
1771 4174 1984 4235 ortum
2021 4170 2142 4244 est,
2174 4185 2307 4249 quo
2345 4164 2565 4232 Persii
