2992 4859
517 377 694 459 119⁰,
1201 391 1589 448 ascensus
1637 393 2064 445 ammonuit

520 552 582 604 et
615 539 857 620 jejunis,
906 544 929 611 (
927 539 1293 620 familiarem
1337 540 1808 619 esplanationem
1854 547 2045 609 vocat,
2091 557 2192 597 seu
2223 535 2532 617 familiare
2567 557 2721 598 coni·

519 640 797 709 mentum)
838 637 1127 697 instruxit.
1212 637 1512 716 Inscripsit
1555 639 1788 697 Comm.
1817 655 1986 696 suum
2033 636 2091 694 in
2134 634 2472 695 Juvenalem
2517 635 2724 694 ‘Heu-

519 735 646 795 rico
691 735 1045 812 Valuphino,
1089 735 1295 796 artium
1343 736 1625 794 bonarum
1671 733 1987 793 Professori
2027 741 2088 791 et
2132 731 2512 791 disertissimo
2554 730 2720 808 apud

519 831 939 911 Lugdunenses
966 832 1384 902 Grammatico,
1426 850 1538 890 nec
1574 850 1690 889 non
1719 832 1797 891 D.
1829 829 2046 889 Nicesii
2076 827 2414 887 Canonico.'
2497 825 2721 885 Henni-

516 927 648 987 nius
695 928 862 999 dicit,
905 948 1041 987 eum
1085 927 1138 985 in
1177 927 1622 988 Commentariis
1667 926 1786 985 suis
1828 923 2087 984 infimum
2130 923 2278 982 trivii
2322 924 2622 1000 pulverem
2661 931 2722 983 et

515 1024 875 1103 expirantem
905 1024 1233 1084 barbariem
1263 1024 1436 1093 olere,
1483 1028 1683 1083 ve'rum
1717 1022 1855 1101 quia
1896 1019 2145 1080 subinde
2186 1018 2448 1078 lectionis
2478 1019 2727 1078 varieta-

516 1129 659 1190 tem,
688 1130 769 1192 et,
799 1120 1065 1199 quamvis
1092 1119 1399 1189 rarissime,
1429 1119 1581 1179 forte
1602 1119 1836 1178 fortuna
1858 1126 2106 1180 mentem
2129 1118 2164 1176 J
2170 1117 2422 1175 uvenalis
2448 1114 2723 1193 quando-

518 1235 635 1292 que
686 1216 1150 1295 deprehenderit,
1197 1216 1554 1295 excerpendi
1609 1216 1849 1275 taedium
1897 1235 1933 1274 a
1985 1235 2046 1274 se
2095 1213 2435 1273 devoratum
2484 1231 2722 1271 esse.—

519 1312 792 1371 Ceterum
849 1332 1026 1372 merae
1094 1331 1265 1390 paene
1316 1311 1691 1390 repetitiones
1748 1312 1925 1388 hujus
1977 1309 2120 1370 edit.
2177 1317 2315 1370 sunt
2366 1309 2723 1387 posteriores

519 1408 890 1468 Asoensianae
942 1408 1132 1485 Lugd.
1186 1415 1358 1468 1501.
1412 1414 1587 1476 1507.
1643 1413 1817 1466 1511.
1867 1412 2041 1466 1512.
2098 1414 2269 1467 1515.
2316 1406 2489 1465 Paris.
2539 1412 2722 1467 1505.

528 1509 700 1563 1512.
744 1513 805 1562 et
850 1511 1023 1574 1519.
1106 1501 1495 1562 Ascensiauas
1545 1511 1739 1561 autem
1787 1521 1902 1560 non
1947 1521 2051 1561 eas
2099 1510 2329 1562 tantum
2373 1501 2534 1573 dico,
2580 1518 2723 1580 quae

519 1601 794 1661 Ascensii
839 1603 999 1678 prelo
1027 1601 1257 1660 Parisiis
1283 1619 1518 1660 excusae
1549 1610 1705 1670 sunt,
1755 1600 1861 1659 sed
1890 1600 2064 1659 etiam
2107 1620 2240 1678 quae
2267 1600 2397 1677 ejus
2433 1600 2723 1661 familiare

523 1706 912 1757 commentum
954 1697 1264 1756 exhibent:
1306 1716 1443 1756 nam
1486 1697 1710 1756 nullum
1757 1696 1877 1756 fere
1922 1697 2073 1756 inter
2110 1717 2206 1756 eas
2253 1695 2563 1759 intercedit
2603 1696 2726 1756 dis-

523 1792 760 1865 crimen,
799 1794 920 1852 sive
947 1801 1245 1852 externam
1287 1801 1522 1871 spectes
1551 1791 1805 1850 indolem
1849 1793 1967 1852 sive
1997 1790 2300 1853 internam.
2382 1793 2480 1854 cf.
2509 1793 2612 1853 inf.
2642 1793 2725 1859 ad

522 1891 769 1950 Ascens.
801 1905 911 1949 111.
942 1890 1120 1952 Paris.
1157 1897 1328 1951 1505.

602 1985 922 2058 anenalis,
951 2006 1079 2047 cum
1107 1985 1372 2046 Merulae
1394 1993 1454 2042 et
1478 1985 1731 2043 aliorum
1758 1985 1938 2055 notis,
1968 1983 2386 2046 Parisiis—fol.
2419 1993 2596 2056 1498.

601 2082 806 2160 Hujus
833 2081 977 2141 edit.
1006 2081 1225 2138 mentio
1253 2077 1323 2137 fit
1346 2080 1407 2138 in
1436 2079 1669 2138 Fabric.
1700 2080 1769 2137 B.
1800 2080 1867 2138 L.
1897 2079 1974 2138 T.
2007 2096 2085 2140 11.
2114 2085 2345 2158 p.‘359.

601 2177 930 2246 Juvenalis,
958 2174 1208 2253 adjectis
1238 2175 1486 2234 Horatii
1518 2176 1832 2255 Epistolis,
1865 2176 2083 2254 Lipsiae
2117 2161 2290 2247 1498.

606 2272 699 2331 Ita
726 2269 975 2330 Hennin.
1005 2271 1063 2328 in
1096 2271 1219 2330 lnd.
1250 2270 1436 2330 Editt.
1464 2270 1569 2348 qui
1594 2282 1653 2331 et
1695 2271 2070 2330 brevissimus
2095 2282 2203 2343 est,
2243 2278 2400 2347 (nam
2429 2272 2571 2331 nihil
2600 2272 2748 2338 fene.

524 2377 736 2447 praeter
760 2376 961 2426 notam
990 2366 1105 2425 loci
1131 2374 1193 2425 et
1218 2366 1371 2437 anni,
1413 2385 1742 2444 nomenque
1770 2369 2270 2438 commentatoris,
2301 2388 2726 2449 nonnunquam

522 2474 580 2523 et
610 2463 984 2542 typographi,
1029 2461 1311 2535 continet)
1355 2469 1417 2520 et
1443 2480 1648 2539 parum
1676 2469 2020 2533 accuratus;
2067 2464 2225 2542 quod
2256 2465 2382 2543 ipse
2410 2466 2501 2525 his
2528 2466 2730 2528 verbis

523 2559 864 2639 profitetur:
910 2567 927 2593 ‘
951 2558 1250 2618 Balbutire
1277 2556 1417 2617 mihi
1435 2557 1494 2616 in
1525 2558 1684 2618 hisce
1710 2558 1913 2619 licebit
1939 2579 2073 2630 cum
2098 2560 2459 2641 Bibliopolis.
2524 2564 2726 2625 Crisin

522 2658 583 2717 in
612 2658 917 2736 plerasque
945 2655 1246 2715 Editiones
1285 2654 1573 2715 adornare
1615 2656 1838 2717 tulerat.
1863 2657 2121 2729 animusg
2167 2658 2270 2717 sed
2302 2678 2411 2719 nec
2452 2661 2557 2719 otii
2583 2662 2726 2734 mei,

523 2773 635 2816 nec
681 2752 1006 2813 festinantis
1053 2751 1402 2829 Bibliopolae
1455 2751 1704 2813 rationes
1754 2753 1911 2813 illam
1965 2753 2364 2817 admiserunt:
2420 2756 2722 2834 rejicimus

520 2851 720 2931 itaque
748 2850 903 2909 illam
930 2849 987 2908 in
1014 2847 1178 2908 aliud
1205 2852 1471 2928 tempus.'

1537 2954 1710 3018 1499.

603 3042 828 3102 Veneta
864 3056 1041 3101 xva,
1081 3039 1388 3102 Juvenal&
1425 3058 1556 3102 cum
1591 3061 1787 3103 comm.
1831 3042 1933 3103 Jo.
1965 3043 2340 3119 Britannici,
2376 3044 2724 3105 venetiis-

518 3139 623 3200 fol.
659 3146 833 3210 1499,

602 3235 739 3295 Hoc
766 3234 900 3294 loco
926 3242 988 3295 et
1030 3254 1184 3296 auno
1230 3237 1479 3314 primum
1537 3236 2008 3297 Commentarius
2049 3236 2147 3296 ille
2186 3237 2244 3297 in
2285 3237 2476 3296 lucem
2502 3233 2721 3295 exiisse

518 3341 778 3412 putatur.
829 3332 948 3393 vid.
988 3351 1121 3410 sup.
1161 3332 1238 3391 ad
1280 3333 1376 3393 ed.
1421 3332 1584 3394 Bria.
1614 3349 1692 3392 11.
1733 3352 1791 3393 a.
1841 3332 2013 3394 1486.
2094 3332 2198 3393 Jo.
2241 3333 2639 3393 Britannicus
2666 3350 2722 3390 s.

519 3431 802 3510 Angelus,
829 3430 911 3490 ita
940 3429 1134 3489 dictus
1159 3450 1197 3489 a
1225 3431 1566 3507 majoribus,
1593 3449 1665 3489 ex
1699 3429 1998 3489 Britannia
2025 3429 2308 3499 oriundis,
2337 3438 2506 3488 natus
2534 3436 2626 3488 est
2652 3427 2719 3486 in

519 3529 673 3600 vico,
706 3527 807 3606 qui
833 3546 981 3586 nuuc
1010 3526 1363 3586 Palazzuolo
1390 3525 1627 3597 dicitur,
1666 3545 1776 3584 nec
1804 3526 1974 3604 longe
2001 3526 2170 3587 abest
2195 3545 2231 3585 a
2257 3525 2473 3596 Brixia,
2502 3524 2560 3584 in
2592 3523 2722 3602 quo

522 3624 748 3703 oppido
776 3622 1042 3683 liberales
1067 3622 1163 3682 ille
1203 3632 1355 3682 artes
1405 3622 1651 3699 publice
1693 3621 1914 3693 docuit,
1953 3631 2010 3681 et
2037 3642 2090 3681 a.
2129 3629 2281 3681 1510
2311 3630 2573 3681 mortuus
2599 3630 2720 3680 est.

523 3721 628 3780 vir
653 3719 838 3779 aetatis
866 3738 985 3779 suae
1014 3719 1388 3779 doctissimus
1417 3719 1548 3788 fuit,
1592 3719 1713 3797 qui,
1764 3730 1977 3797 praeter
2016 3718 2144 3789 alia,
2173 3717 2620 3778 commentarios
2649 3718 2717 3775 in

388 3841 407 3850 ³
520 3817 847 3887 Horatium,
903 3817 1263 3889 Juvenalem,
1323 3816 1599 3889 Persium,
1653 3801 2015 3885 Terentium,
2071 3815 2341 3885 Statium,
2397 3822 2459 3872 et
2513 3812 2719 3873 Ovidii

521 3913 1031 3991 Metamorphoses
1077 3913 1328 3990 scripsit,
1378 3932 1449 3971 ac
1489 3913 1765 3992 princeps
1814 3922 1905 3972 est
1946 3913 2224 3981 omnium,
2270 3911 2371 3989 qui
2418 3909 2493 3969 ad
2529 3911 2719 3971 Juve-

521 4010 711 4070 nalem
754 4011 1248 4088 interpretandum
1296 4020 1356 4069 et
1397 4020 1550 4081 ante,
1593 4020 1653 4070 et
1693 4018 1832 4088 post
1871 4029 2001 4068 eum
2043 4027 2380 4068 accessere:
2427 4025 2562 4065 nam
2590 4023 2717 4065 nou

521 4107 699 4167 modo
726 4107 859 4168 loca
899 4107 1231 4168 obscuriora
1274 4108 1423 4166 notis
1454 4107 1663 4178 doctis,
1706 4105 2114 4184 grammaticis,
2144 4103 2499 4181 antiquariis,
2531 4101 2720 4161 histo-

519 4203 674 4278 riois,
700 4203 1122 4284 geographicis,
1149 4203 1581 4284 mythologicis,
1609 4202 1844 4274 criticis,
1872 4202 2162 4268 illustrare
2187 4209 2435 4261 conatus
2463 4207 2573 4271 est,
2603 4198 2714 4258 sed
