2992 4859
350 244 398 311 8
1132 266 1233 316 nn
1278 264 1524 317 vnnsn
1575 266 1779 329 vum,

353 405 661 477 Persium
689 408 1050 487 redeamus,
1070 408 1410 494 pauleque
1438 408 1817 476 accuratius
1867 408 1950 474 de
1999 428 2082 473 eo
2132 428 2368 493 genere
2411 408 2553 474 dis·

352 526 675 589 nemus,
702 509 888 594 'quod
938 509 1051 574 ille
1094 514 1365 575 semitas
1400 513 1524 574 est.
1609 508 1982 577 Videamus
2030 514 2229 595 igitur
2266 514 2552 596 primum

353 611 441 677 de
490 614 907 696 argummtis,
959 631 1114 696 quse
1163 611 1512 678 metanda
1556 612 1687 677 sibi
1744 616 2112 698 proposuit,
2157 616 2224 678 in
2278 633 2550 698 quorum

357 714 620 781 delectu
666 732 906 797 magna
951 715 1174 785 cautio
1225 714 1529 779 habenda
1577 718 1681 781 est
1721 715 1961 800 poetae.
2074 716 2339 781 Debent
2378 714 2555 779 enim

354 835 509 882 oese
547 815 905 900 ejusmodi,
945 820 1023 879 ut
1060 824 1184 900 pei·
1225 836 1298 880 se
1332 817 1479 901 jam
1523 818 1836 884 lectorem
1878 818 2368 902 quodammodo
2413 817 2559 882 alli-

354 921 559 996 ciant,
588 925 747 983 nota
770 918 1036 1003 quidem
1063 923 1267 1003 atque
1304 919 1611 1002 insignia,
1639 921 1738 984 ita
1765 926 1986 985 tamen
2015 921 2230 984 animo
2261 938 2558 1002 compre-

359 1020 583 1097 hensa,
611 1025 690 1085 nt
725 1017 1044 1085 novitatis
1088 1039 1352 1104 quoque
1400 1022 1680 1102 gratiam
1707 1022 2019 1099 habeant,
2048 1038 2421 1106 quanquam
2454 1015 2564 1085 vel

359 1120 792 1204 negligentius
848 1122 1405 1205 circumspicienti
1450 1123 1712 1206 ubique
1746 1123 1954 1187 obvia
1994 1122 2366 1189 videantur.
2477 1121 2560 1186 ln

362 1224 579 1308 prima
605 1225 812 1291 satira
834 1224 973 1305 egit
1001 1222 1249 1289 ‘Noster
1275 1225 1358 1288 de
1380 1226 1756 1309 importuna
1782 1223 2115 1289 scribendi
2141 1229 2209 1288 et
2244 1223 2559 1288 recitandi

320 1346 327 1351 ·
364 1324 701 1409 cupidine,
746 1343 827 1389 ac
877 1326 960 1389 de
1006 1344 1218 1409 pravo
1262 1331 1329 1389 ct
1374 1332 1682 1409 corrupto
1712 1326 2080 1392 venustatis
2106 1330 2177 1389 et
2201 1324 2562 1410 pulchritu-

365 1426 539 1492 dinis
572 1428 850 1513 Jutlicioss
939 1426 1019 1491 In
1050 1428 1340 1492 secunda
1368 1427 1451 1493 de
1479 1429 1788 1512 precibus
1815 1428 2138 1512 improbis
2183 1434 2253 1492 et
2295 1427 2562 1510 ineptiS.

365 1526 599 1595 Tertia
653 1529 1056 1597 desidiosam
1109 1538 1177 1594 et
1221 1530 1487 1593 mollem
1539 1527 1913 1593 Romanam
1959 1530 2370 1613 juventutem
2415 1547 2567 1611 per-

365 1622 665 1712 stringit3
710 1636 949 1715 quarta
974 1631 1287 1714 regnandi
1316 1632 1746 1715 cupiditatem
1774 1650 2119 1715 rerumque
2148 1631 2568 1713 publicarum

366 1750 621 1810 curum,
673 1751 897 1798 eorum
938 1733 1230 1797 omnium
1277 1732 1597 1815 ignaram,
1647 1733 1893 1815 quibus
1942 1732 2064 1797 niti
2110 1732 2365 1796 debeat.
2480 1731 2565 1796 In

370 1835 604 1920 quinta
629 1835 715 1900 de
740 1854 899 1901 vera
920 1835 1226 1900 libertate
1251 1836 1461 1918 agitur
1484 1855 1504 1917 3
1552 1835 1622 1897 in
1647 1839 1842 1899 sexta
1869 1834 1954 1899 de
1980 1834 2276 1917 legitimo
2301 1833 2570 1900 divitia-

228 1952 233 1963 ·
370 1956 515 2002 rum
542 1944 660 2003 ant
684 1938 780 2002 rei
802 1937 1146 2003 familiaris
1173 1956 1325 2003 usu.
1414 1936 1498 2001 In
1525 1937 1760 2021 prima,
1785 1937 2000 2014 tertia,
2021 1939 2259 2020 quarta
2285 1940 2352 2000 et
2377 1943 2572 2001 sextu

371 2056 505 2102 non
524 2042 659 2103 tam
687 2039 759 2103 in
798 2039 1057 2104 delectu
1080 2057 1302 2103 rerum
1330 2056 1661 2123 peccasse
1691 2038 2002 2103 Persium
2027 2037 2330 2117 dixerim,
2371 2055 2571 2122 quam

374 2141 443 2204 in
473 2144 897 2224 tractatione3
942 2148 1162 2207 tamen
1210 2144 1279 2206 in
1324 2141 1519 2207 tertia
1563 2147 1629 2205 et
1673 2146 1870 2206 sexta
1895 2159 2048 2204 meo
2077 2140 2344 2223 quidem
2376 2158 2574 2229 sensu

373 2239 639 2307 felicius
666 2248 966 2308 versatus
988 2253 1113 2309 est.
1218 2242 1544 2308 Secundae
1590 2243 1814 2308 satiras
1856 2247 2304 2323 argumentum
2354 2242 2574 2306 minus

376 2349 605 2427 aptum
644 2343 906 2409 videtur
968 2344 1239 2413 satirico
1295 2342 1543 2428 po'etae,
1589 2344 1657 2408 ei
1707 2344 2097 2427 praesertim,
2146 2344 2262 2427 qui
2305 2343 2576 2428 pietatis

376 2463 576 2509 sensu
620 2450 760 2509 tam
810 2444 1223 2511 vehementer
1270 2446 1561 2510 imbutus
1609 2450 1732 2522 est,
1763 2464 1964 2528 quam
1993 2442 2314 2525 Persius;
2367 2464 2577 2530 quan⁶

378 2564 579 2631 quam
607 2546 654 2611 J
655 2547 957 2613 uvenulis
1002 2555 1071 2612 et
1114 2549 1243 2615 hoc
1288 2547 1455 2614 satis
1482 2547 1829 2613 commode
1856 2548 2185 2625 tractavit,
2210 2566 2436 2612 verum
2463 2547 2578 2612 de·

378 2648 765 2714 clamator-ia
825 2651 1075 2717 ratione
1131 2651 1349 2733 magis
1395 2668 1599 2733 quam
1642 2650 1932 2716 satirica.
2040 2646 2338 2714 [anciano
2384 2649 2581 2715 riseri

378 2750 618 2816 melius
644 2771 751 2816 res
787 2752 1137 2836 processit.
1225 2752 1362 2817 Sed
1411 2754 1481 2817 in
1532 2753 1783 2836 quintae
1813 2752 2037 2816 satirae
2067 2755 2442 2833 argumento
2467 2750 2575 2814 de·

378 2850 671 2934 ligendo,
700 2870 832 2916 non
878 2871 917 2916 e
963 2853 1101 2918 vita
1136 2853 1495 2931 communi,
1543 2870 1770 2919 verum
1816 2873 1855 2916 e
1903 2851 2152 2917 Stoicae
2199 2851 2580 2936 disciplin'ae

384 2954 830 3037 penetralibus
872 2953 1243 3035 depromto,
1304 2973 1385 3018 cu
1383 2954 1500 3039 jus
1541 2954 1755 3018 sacris
1795 2972 1879 3017 ne
1921 2955 2068 3037 ipse
2104 2954 2376 3037 quidem
2416 2956 2583 3021 satis
2629 2962 2636 2973 '

384 3053 686 3121 initiatus
730 3053 943 3137 fuisse
986 3054 1265 3132 videtur,
1294 3056 1590 3121 maxime
1640 3054 1862 3119 forsan
1909 3056 2243 3138 peccavit.
2331 3055 2585 3138 Dispu-

383 3155 552 3223 tatio
593 3156 790 3235 enim,
829 3176 984 3240 quoe
1032 3157 1257 3221 subtili
1303 3175 1516 3221 rerum
1562 3176 1608 3221 a
1652 3157 1984 3221 communi
2022 3175 2150 3220 usu
2191 3162 2585 3221 remotarum

387 3255 678 3322 finitione
704 3257 957 3336 nititur,
985 3259 1061 3322 in
1097 3276 1231 3341 qua
1257 3257 1515 3323 animus
1560 3260 1668 3324 vel
1716 3258 2006 3323 maxime
2036 3258 2123 3322 ab
2152 3257 2491 3322 oculomm
2521 3263 2589 3324 et

392 3358 646 3425 aurium
692 3359 1162 3424 comuetudine
1208 3359 1590 3426 avocandus
1648 3365 1770 3438 est,
1835 3378 1959 3443 per
2021 3378 2098 3423 se
2136 3357 2282 3443 jam
2330 3378 2589 3424 omnem

390 3459 725 3543 poeticam
750 3463 1206 3528 metationem
1242 3463 1528 3546 respuit3
1575 3463 1822 3546 quique
1859 3480 2010 3526 eam
2035 3460 2462 3525 nihilominus
2487 3467 2588 3527 ta·

388 3581 546 3629 men
573 3565 942 3643 tentaverit,
972 3566 1033 3629 is
1058 3584 1275 3649 neque
1312 3565 1495 3647 apud
1533 3564 1911 3647 disciplinae
1938 3562 2138 3628 rudes
2164 3582 2383 3649 neque
2409 3561 2590 3646 apud

391 3664 829 3749 philosophos
879 3666 1159 3747 gratiam
1206 3667 1418 3731 inibit.
1533 3665 1886 3750 Ejusmodi
1943 3666 2117 3729 enim
2186 3666 2591 3749 quaestiones

390 3766 617 3832 verbis
654 3767 900 3833 scholae
931 3768 1224 3846 omissis»,
1254 3772 1332 3832 ut
1370 3765 1596 3850 poetar
1646 3786 1773 3850 par
1798 3773 1922 3845 est,
1951 3765 2297 3832 commode
2324 3765 2592 3830 nactari

393 3867 519 3933 vix
542 3877 853 3952 possunt3
900 3889 1023 3935 nec
1064 3870 1286 3954 quivis
1313 3870 1523 3934 lector
1550 3868 1815 3934 subtilis
1843 3868 2159 3934 orationis
2187 3886 2448 3931 sensum
2481 3886 2595 3932 ca-
2681 3951 2688 3959 ι

396 3988 555 4054 pere
587 3969 785 4047 valet,
814 3970 941 4035 nisi
974 3969 1262 4035 Stoicam
1291 3971 1609 4036 rationem
1646 3972 1840 4056 quasi
1868 3970 1939 4034 in
1966 3974 2304 4034 numerato
2331 3968 2593 4034 habeat.

398 4070 724 4137 Videmus
746 4070 1014 4158 quidem
1036 4070 1340 4137 Persium
1368 4090 1640 4157 operam
1669 4071 1847 4150 darc,
1879 4077 1950 4136 ut
1976 4069 2394 4136 scholasticis
2413 4089 2564 4135 com
