<?xml version="1.0" encoding="UTF-8"?>
<!DOCTYPE html PUBLIC "-//W3C//DTD XHTML 1.0 Transitional//EN"
    "http://www.w3.org/TR/xhtml1/DTD/xhtml1-transitional.dtd">
<html xmlns="http://www.w3.org/1999/xhtml" xml:lang="en" lang="en">
 <head>
  <title>
</title>
<meta http-equiv="Content-Type" content="text/html;charset=utf-8" />
  <meta name='ocr-system' content='tesseract 3.04.00' />
  <meta name='ocr-capabilities' content='ocr_page ocr_carea ocr_par ocr_line ocrx_word'/>
</head>
<body>
  <div class='ocr_page' id='page_1' title='image "./operaomnia02juvegoog_0093.png"; bbox 0 0 2992 4859; ppageno 0'>
   <div class='ocr_carea' id='block_1_1' title="bbox 34 2167 37 3654">
    <p class='ocr_par' dir='ltr' id='par_1_1' title="bbox 34 2167 37 3654">
     <span class='ocr_line' id='line_1_1' title="bbox 34 2167 35 2226; baseline 0 0"><span class='ocrx_word' id='word_1_1' title='bbox 34 2167 35 2226; x_wconf 56' lang='lat' dir='ltr'>l</span> 
     </span>
     <span class='ocr_line' id='line_1_2' title="bbox 34 2313 37 2352; baseline 0 0"><span class='ocrx_word' id='word_1_2' title='bbox 34 2313 37 2352; x_wconf 66' lang='lat' dir='ltr'><em>r</em></span> 
     </span>
     <span class='ocr_line' id='line_1_3' title="bbox 34 2933 37 2970; baseline 0 0"><span class='ocrx_word' id='word_1_3' title='bbox 34 2933 37 2970; x_wconf 72' lang='grc' dir='ltr'>ι,</span> 
     </span>
     <span class='ocr_line' id='line_1_4' title="bbox 34 3605 37 3654; baseline 0 0"><span class='ocrx_word' id='word_1_4' title='bbox 34 3605 37 3654; x_wconf 79' lang='lat'>[</span> 
     </span>
    </p>
   </div>
   <div class='ocr_carea' id='block_1_2' title="bbox 1147 324 2478 404">
    <p class='ocr_par' dir='ltr' id='par_1_2' title="bbox 1147 324 2478 404">
     <span class='ocr_line' id='line_1_5' title="bbox 1147 324 2478 404; baseline -0.001 -19"><span class='ocrx_word' id='word_1_5' title='bbox 1147 332 1599 385; x_wconf 57' lang='lat' dir='ltr'>surm-mus.</span> <span class='ocrx_word' id='word_1_6' title='bbox 1659 389 1670 404; x_wconf 63' lang='grc'><strong>,</strong></span> <span class='ocrx_word' id='word_1_7' title='bbox 2297 324 2478 396; x_wconf 65' lang='lat' dir='ltr'>lm</span> 
     </span>
    </p>
   </div>
   <div class='ocr_carea' id='block_1_3' title="bbox 253 480 2473 1438">
    <p class='ocr_par' dir='ltr' id='par_1_3' title="bbox 253 480 2473 1438">
     <span class='ocr_line' id='line_1_6' title="bbox 339 480 799 544; baseline 0 -4"><span class='ocrx_word' id='word_1_8' title='bbox 339 488 438 544; x_wconf 79' lang='lat'>13.</span> <span class='ocrx_word' id='word_1_9' title='bbox 484 480 799 542; x_wconf 67' lang='lat' dir='ltr'>mmsis.</span> 
     </span>
     <span class='ocr_line' id='line_1_7' title="bbox 256 575 2471 658; baseline 0.004 -21"><span class='ocrx_word' id='word_1_10' title='bbox 256 578 553 656; x_wconf 74' lang='lat' dir='ltr'>Integram</span> <span class='ocrx_word' id='word_1_11' title='bbox 584 577 766 656; x_wconf 88' lang='lat' dir='ltr'>hujus</span> <span class='ocrx_word' id='word_1_12' title='bbox 793 575 1040 651; x_wconf 85' lang='lat' dir='ltr'>codicis,</span> <span class='ocrx_word' id='word_1_13' title='bbox 1066 576 1238 657; x_wconf 75' lang='lat' dir='ltr'>plane</span> <span class='ocrx_word' id='word_1_14' title='bbox 1264 577 1592 658; x_wconf 77' lang='lat' dir='ltr'>singularis,</span> <span class='ocrx_word' id='word_1_15' title='bbox 1615 577 2016 641; x_wconf 73' lang='lat' dir='ltr'>recensionem</span> <span class='ocrx_word' id='word_1_16' title='bbox 2043 578 2236 642; x_wconf 82' lang='lat' dir='ltr'>debeo</span> <span class='ocrx_word' id='word_1_17' title='bbox 2262 581 2471 646; x_wconf 78' lang='lat' dir='ltr'>huma·</span> 
     </span>
     <span class='ocr_line' id='line_1_8' title="bbox 255 674 2470 757; baseline 0.003 -21"><span class='ocrx_word' id='word_1_18' title='bbox 255 674 424 736; x_wconf 80' lang='lat' dir='ltr'>nitati</span> <span class='ocrx_word' id='word_1_19' title='bbox 450 676 549 736; x_wconf 86' lang='lat' dir='ltr'>cl.</span> <span class='ocrx_word' id='word_1_20' title='bbox 588 676 1010 754; x_wconf 75' lang='lat' dir='ltr'>Veesenmeyen‘</span> <span class='ocrx_word' id='word_1_21' title='bbox 1034 675 1191 736; x_wconf 84' lang='lat' dir='ltr'>Prof.</span> <span class='ocrx_word' id='word_1_22' title='bbox 1222 676 1381 736; x_wconf 90' lang='lat' dir='ltr'>Ulm.</span> <span class='ocrx_word' id='word_1_23' title='bbox 1412 675 1517 755; x_wconf 90' lang='lat' dir='ltr'>qui</span> <span class='ocrx_word' id='word_1_24' title='bbox 1538 676 1668 754; x_wconf 79' lang='lat' dir='ltr'>jam</span> <span class='ocrx_word' id='word_1_25' title='bbox 1705 677 2017 757; x_wconf 85' lang='lat' dir='ltr'>specimina</span> <span class='ocrx_word' id='word_1_26' title='bbox 2045 678 2321 757; x_wconf 83' lang='lat' dir='ltr'>quaedam</span> <span class='ocrx_word' id='word_1_27' title='bbox 2347 680 2470 744; x_wconf 89' lang='lat' dir='ltr'>lec-</span> 
     </span>
     <span class='ocr_line' id='line_1_9' title="bbox 256 773 2473 850; baseline 0.003 -16"><span class='ocrx_word' id='word_1_28' title='bbox 256 773 485 834; x_wconf 86' lang='lat' dir='ltr'>tionum</span> <span class='ocrx_word' id='word_1_29' title='bbox 510 773 643 850; x_wconf 71' lang='lat' dir='ltr'>eius</span> <span class='ocrx_word' id='word_1_30' title='bbox 672 794 795 834; x_wconf 86' lang='lat' dir='ltr'>var.</span> <span class='ocrx_word' id='word_1_31' title='bbox 824 773 1089 834; x_wconf 82' lang='lat' dir='ltr'>ediderat</span> <span class='ocrx_word' id='word_1_32' title='bbox 1113 794 1167 835; x_wconf 90' lang='lat' dir='ltr'>a.</span> <span class='ocrx_word' id='word_1_33' title='bbox 1211 781 1385 846; x_wconf 80' lang='grc'><strong>1793.</strong></span> <span class='ocrx_word' id='word_1_34' title='bbox 1430 775 1491 834; x_wconf 89' lang='lat' dir='ltr'>in</span> <span class='ocrx_word' id='word_1_35' title='bbox 1543 775 1923 837; x_wconf 71' lang='lat' dir='ltr'>Commentat.</span> <span class='ocrx_word' id='word_1_36' title='bbox 1952 775 2473 841; x_wconf 58' lang='lat' dir='ltr'>historico-critica</span> 
     </span>
     <span class='ocr_line' id='line_1_10' title="bbox 255 870 2472 954; baseline 0.002 -21"><span class='ocrx_word' id='word_1_37' title='bbox 255 870 325 933; x_wconf 72' lang='lat' dir='ltr'>de</span> <span class='ocrx_word' id='word_1_38' title='bbox 353 871 570 934; x_wconf 74' lang='lat' dir='ltr'>Codice</span> <span class='ocrx_word' id='word_1_39' title='bbox 587 873 714 933; x_wconf 86' lang='lat' dir='ltr'>Ms.</span> <span class='ocrx_word' id='word_1_40' title='bbox 743 871 1057 934; x_wconf 58' lang='lat' dir='ltr'>Juvenal&amp;</span> <span class='ocrx_word' id='word_1_41' title='bbox 1084 872 1319 933; x_wconf 65' lang='lat' dir='ltr'>Satio-as</span> <span class='ocrx_word' id='word_1_42' title='bbox 1336 874 1766 954; x_wconf 76' lang='lat' dir='ltr'><em>complectente,</em></span> <span class='ocrx_word' id='word_1_43' title='bbox 1787 882 1848 934; x_wconf 89' lang='lat' dir='ltr'>et</span> <span class='ocrx_word' id='word_1_44' title='bbox 1869 882 2164 935; x_wconf 80' lang='lat' dir='ltr'><strong>externam</strong></span> <span class='ocrx_word' id='word_1_45' title='bbox 2193 875 2276 935; x_wconf 89' lang='lat' dir='ltr'>ihi</span> <span class='ocrx_word' id='word_1_46' title='bbox 2296 876 2472 937; x_wconf 88' lang='lat' dir='ltr'>indo·</span> 
     </span>
     <span class='ocr_line' id='line_1_11' title="bbox 254 969 2470 1050; baseline 0.002 -21"><span class='ocrx_word' id='word_1_47' title='bbox 254 969 365 1029; x_wconf 86' lang='lat' dir='ltr'>lem</span> <span class='ocrx_word' id='word_1_48' title='bbox 382 969 542 1029; x_wconf 88' lang='lat' dir='ltr'>illius</span> <span class='ocrx_word' id='word_1_49' title='bbox 568 970 658 1028; x_wconf 89' lang='lat' dir='ltr'>his</span> <span class='ocrx_word' id='word_1_50' title='bbox 680 970 877 1029; x_wconf 83' lang='lat' dir='ltr'>verbis</span> <span class='ocrx_word' id='word_1_51' title='bbox 894 969 1316 1049; x_wconf 75' lang='lat' dir='ltr'>descripserat:</span> <span class='ocrx_word' id='word_1_52' title='bbox 1351 977 1371 1004; x_wconf 85' lang='lat'>‘</span> <span class='ocrx_word' id='word_1_53' title='bbox 1389 973 1751 1043; x_wconf 80' lang='lat' dir='ltr'>Asservatur,</span> <span class='ocrx_word' id='word_1_54' title='bbox 1772 990 1943 1050; x_wconf 90' lang='lat' dir='ltr'>quem</span> <span class='ocrx_word' id='word_1_55' title='bbox 1966 970 2241 1043; x_wconf 81' lang='lat' dir='ltr'>diximus,</span> <span class='ocrx_word' id='word_1_56' title='bbox 2264 971 2470 1033; x_wconf 82' lang='lat' dir='ltr'>Codex</span> 
     </span>
     <span class='ocr_line' id='line_1_12' title="bbox 253 1066 2470 1147; baseline 0.002 -21"><span class='ocrx_word' id='word_1_57' title='bbox 253 1067 309 1126; x_wconf 88' lang='lat' dir='ltr'>in</span> <span class='ocrx_word' id='word_1_58' title='bbox 346 1066 736 1139; x_wconf 74' lang='lat' dir='ltr'>bibliotheca,</span> <span class='ocrx_word' id='word_1_59' title='bbox 767 1087 903 1145; x_wconf 65' lang='lat' dir='ltr'>quae</span> <span class='ocrx_word' id='word_1_60' title='bbox 948 1068 1028 1127; x_wconf 87' lang='lat' dir='ltr'>ab</span> <span class='ocrx_word' id='word_1_61' title='bbox 1064 1067 1274 1128; x_wconf 78' lang='lat' dir='ltr'>illustri</span> <span class='ocrx_word' id='word_1_62' title='bbox 1299 1069 1794 1129; x_wconf 85' lang='lat' dir='ltr'>Schermariorum</span> <span class='ocrx_word' id='word_1_63' title='bbox 1824 1077 1997 1147; x_wconf 87' lang='lat' dir='ltr'>gente</span> <span class='ocrx_word' id='word_1_64' title='bbox 2023 1088 2239 1129; x_wconf 90' lang='lat' dir='ltr'>nomen</span> <span class='ocrx_word' id='word_1_65' title='bbox 2267 1069 2470 1144; x_wconf 75' lang='lat' dir='ltr'>hebet,</span> 
     </span>
     <span class='ocr_line' id='line_1_13' title="bbox 255 1163 2473 1245; baseline 0.002 -22"><span class='ocrx_word' id='word_1_66' title='bbox 255 1173 315 1223; x_wconf 85' lang='lat' dir='ltr'>et</span> <span class='ocrx_word' id='word_1_67' title='bbox 339 1163 623 1224; x_wconf 90' lang='lat' dir='ltr'>conditur</span> <span class='ocrx_word' id='word_1_68' title='bbox 641 1163 700 1223; x_wconf 91' lang='lat' dir='ltr'>in</span> <span class='ocrx_word' id='word_1_69' title='bbox 728 1164 961 1224; x_wconf 90' lang='lat' dir='ltr'>editiori</span> <span class='ocrx_word' id='word_1_70' title='bbox 981 1164 1192 1224; x_wconf 87' lang='lat' dir='ltr'>summi</span> <span class='ocrx_word' id='word_1_71' title='bbox 1220 1166 1424 1245; x_wconf 90' lang='lat' dir='ltr'>templi</span> <span class='ocrx_word' id='word_1_72' title='bbox 1447 1164 1690 1226; x_wconf 80' lang='lat' dir='ltr'>fornice.</span> <span class='ocrx_word' id='word_1_73' title='bbox 1758 1166 2027 1227; x_wconf 83' lang='lat' dir='ltr'>Continet</span> <span class='ocrx_word' id='word_1_74' title='bbox 2048 1174 2265 1244; x_wconf 80' lang='lat' dir='ltr'>praeter</span> <span class='ocrx_word' id='word_1_75' title='bbox 2289 1166 2325 1225; x_wconf 88' lang='lat' dir='ltr'>J</span> <span class='ocrx_word' id='word_1_76' title='bbox 2332 1186 2473 1227; x_wconf 80' lang='lat' dir='ltr'>uve·</span> 
     </span>
     <span class='ocr_line' id='line_1_14' title="bbox 255 1259 2471 1342; baseline 0.002 -23"><span class='ocrx_word' id='word_1_77' title='bbox 255 1259 399 1320; x_wconf 78' lang='lat' dir='ltr'>nalis</span> <span class='ocrx_word' id='word_1_78' title='bbox 430 1260 641 1320; x_wconf 85' lang='lat' dir='ltr'>satiras</span> <span class='ocrx_word' id='word_1_79' title='bbox 668 1262 839 1322; x_wconf 87' lang='lat' dir='ltr'>etiam</span> <span class='ocrx_word' id='word_1_80' title='bbox 873 1262 1104 1322; x_wconf 83' lang='lat' dir='ltr'>Horatii</span> <span class='ocrx_word' id='word_1_81' title='bbox 1131 1262 1432 1341; x_wconf 79' lang='lat' dir='ltr'>epistolas,</span> <span class='ocrx_word' id='word_1_82' title='bbox 1456 1273 1710 1342; x_wconf 83' lang='lat' dir='ltr'>excepta</span> <span class='ocrx_word' id='word_1_83' title='bbox 1735 1263 1828 1322; x_wconf 76' lang='lat' dir='ltr'>ills</span> <span class='ocrx_word' id='word_1_84' title='bbox 1850 1262 1928 1323; x_wconf 87' lang='lat' dir='ltr'>ad</span> <span class='ocrx_word' id='word_1_85' title='bbox 1956 1263 2200 1324; x_wconf 77' lang='lat' dir='ltr'>Pisones</span> <span class='ocrx_word' id='word_1_86' title='bbox 2227 1263 2471 1342; x_wconf 70' lang='lat' dir='ltr'>scripta,</span> 
     </span>
     <span class='ocr_line' id='line_1_15' title="bbox 257 1358 2472 1438; baseline 0.002 -21"><span class='ocrx_word' id='word_1_87' title='bbox 257 1377 387 1436; x_wconf 83' lang='lat' dir='ltr'>quae</span> <span class='ocrx_word' id='word_1_88' title='bbox 415 1358 532 1417; x_wconf 89' lang='lat' dir='ltr'>sub</span> <span class='ocrx_word' id='word_1_89' title='bbox 575 1358 735 1417; x_wconf 86' lang='lat' dir='ltr'>Artis</span> <span class='ocrx_word' id='word_1_90' title='bbox 764 1358 1025 1418; x_wconf 69' lang='lat' dir='ltr'>Poeticae</span> <span class='ocrx_word' id='word_1_91' title='bbox 1051 1358 1449 1438; x_wconf 83' lang='lat' dir='ltr'>appellatione</span> <span class='ocrx_word' id='word_1_92' title='bbox 1477 1359 1673 1420; x_wconf 88' lang='lat' dir='ltr'>notior</span> <span class='ocrx_word' id='word_1_93' title='bbox 1699 1369 1808 1429; x_wconf 86' lang='lat' dir='ltr'>est,</span> <span class='ocrx_word' id='word_1_94' title='bbox 1836 1368 1899 1419; x_wconf 88' lang='lat' dir='ltr'>et</span> <span class='ocrx_word' id='word_1_95' title='bbox 1929 1360 2193 1438; x_wconf 81' lang='lat' dir='ltr'>Prosperi</span> <span class='ocrx_word' id='word_1_96' title='bbox 2220 1360 2472 1438; x_wconf 82' lang='lat' dir='ltr'>Aquita·</span> 
     </span>
    </p>
   </div>
   <div class='ocr_carea' id='block_1_4' title="bbox 153 1461 2472 1544">
    <p class='ocr_par' dir='ltr' id='par_1_4' title="bbox 153 1461 2472 1544">
     <span class='ocr_line' id='line_1_16' title="bbox 153 1461 2472 1544; baseline 0.001 -21"><span class='ocrx_word' id='word_1_97' title='bbox 153 1466 164 1477; x_wconf 90' lang='lat'>&#39;</span> <span class='ocrx_word' id='word_1_98' title='bbox 255 1461 371 1523; x_wconf 79' lang='lat' dir='ltr'>uici</span> <span class='ocrx_word' id='word_1_99' title='bbox 397 1462 745 1534; x_wconf 68' lang='lat' dir='ltr'>Poematia3</span> <span class='ocrx_word' id='word_1_100' title='bbox 775 1464 851 1524; x_wconf 90' lang='lat' dir='ltr'>de</span> <span class='ocrx_word' id='word_1_101' title='bbox 873 1463 1091 1544; x_wconf 90' lang='lat' dir='ltr'>quibus</span> <span class='ocrx_word' id='word_1_102' title='bbox 1109 1464 1189 1524; x_wconf 84' lang='lat' dir='ltr'>cf.</span> <span class='ocrx_word' id='word_1_103' title='bbox 1212 1474 1426 1544; x_wconf 84' lang='lat' dir='ltr'>praeter</span> <span class='ocrx_word' id='word_1_104' title='bbox 1443 1463 1589 1524; x_wconf 86' lang='lat' dir='ltr'>alios</span> <span class='ocrx_word' id='word_1_105' title='bbox 1606 1464 1824 1543; x_wconf 81' lang='lat' dir='ltr'>Leyser</span> <span class='ocrx_word' id='word_1_106' title='bbox 1849 1463 1906 1522; x_wconf 91' lang='lat' dir='ltr'>in</span> <span class='ocrx_word' id='word_1_107' title='bbox 1927 1462 2127 1523; x_wconf 77' lang='lat' dir='ltr'>histor.</span> <span class='ocrx_word' id='word_1_108' title='bbox 2157 1464 2472 1525; x_wconf 66' lang='lat' dir='ltr'>Poetarum</span> 
     </span>
    </p>
   </div>
   <div class='ocr_carea' id='block_1_5' title="bbox 250 1559 2474 2924">
    <p class='ocr_par' dir='ltr' id='par_1_5' title="bbox 250 1559 2474 2924">
     <span class='ocr_line' id='line_1_17' title="bbox 255 1559 2472 1641; baseline 0.002 -22"><span class='ocrx_word' id='word_1_109' title='bbox 255 1567 313 1620; x_wconf 88' lang='lat' dir='ltr'>et</span> <span class='ocrx_word' id='word_1_110' title='bbox 338 1562 686 1620; x_wconf 67' lang='lat' dir='ltr'>Poematum</span> <span class='ocrx_word' id='word_1_111' title='bbox 723 1559 903 1621; x_wconf 88' lang='lat' dir='ltr'>medii</span> <span class='ocrx_word' id='word_1_112' title='bbox 931 1561 1038 1622; x_wconf 79' lang='lat' dir='ltr'>aevi</span> <span class='ocrx_word' id='word_1_113' title='bbox 1067 1582 1129 1641; x_wconf 90' lang='lat' dir='ltr'>p.</span> <span class='ocrx_word' id='word_1_114' title='bbox 1161 1561 1261 1630; x_wconf 87' lang='grc'>67.</span> <span class='ocrx_word' id='word_1_115' title='bbox 1353 1563 1625 1641; x_wconf 83' lang='lat' dir='ltr'>Scriptus</span> <span class='ocrx_word' id='word_1_116' title='bbox 1669 1562 1726 1620; x_wconf 90' lang='lat' dir='ltr'>in</span> <span class='ocrx_word' id='word_1_117' title='bbox 1757 1579 2105 1641; x_wconf 78' lang='lat' dir='ltr'>pergamena</span> <span class='ocrx_word' id='word_1_118' title='bbox 2143 1560 2366 1634; x_wconf 76' lang='lat' dir='ltr'>charta,</span> <span class='ocrx_word' id='word_1_119' title='bbox 2409 1569 2472 1623; x_wconf 90' lang='lat' dir='ltr'>et</span> 
     </span>
     <span class='ocr_line' id='line_1_18' title="bbox 254 1657 2470 1739; baseline 0.002 -22"><span class='ocrx_word' id='word_1_120' title='bbox 254 1657 465 1729; x_wconf 82' lang='lat' dir='ltr'>forma,</span> <span class='ocrx_word' id='word_1_121' title='bbox 491 1678 671 1739; x_wconf 78' lang='lat' dir='ltr'>quam</span> <span class='ocrx_word' id='word_1_122' title='bbox 693 1667 962 1720; x_wconf 82' lang='lat' dir='ltr'>octavam</span> <span class='ocrx_word' id='word_1_123' title='bbox 986 1660 1263 1737; x_wconf 87' lang='lat' dir='ltr'>majorem</span> <span class='ocrx_word' id='word_1_124' title='bbox 1287 1659 1607 1733; x_wconf 87' lang='lat' dir='ltr'>nominant,</span> <span class='ocrx_word' id='word_1_125' title='bbox 1632 1659 2019 1739; x_wconf 85' lang='lat' dir='ltr'>complicatus</span> <span class='ocrx_word' id='word_1_126' title='bbox 2047 1667 2283 1718; x_wconf 85' lang='lat' dir='ltr'>constat</span> <span class='ocrx_word' id='word_1_127' title='bbox 2311 1673 2470 1721; x_wconf 79' lang='lat' dir='ltr'>va.</span> 
     </span>
     <span class='ocr_line' id='line_1_19' title="bbox 255 1755 2472 1834; baseline -0.001 -18"><span class='ocrx_word' id='word_1_128' title='bbox 255 1755 430 1827; x_wconf 79' lang='lat' dir='ltr'>soliis,</span> <span class='ocrx_word' id='word_1_129' title='bbox 461 1776 714 1834; x_wconf 87' lang='lat' dir='ltr'>quorum</span> <span class='ocrx_word' id='word_1_130' title='bbox 738 1773 957 1818; x_wconf 80' lang='lat' dir='ltr'>xx111.</span> <span class='ocrx_word' id='word_1_131' title='bbox 985 1757 1021 1816; x_wconf 87' lang='lat' dir='ltr'>J</span> <span class='ocrx_word' id='word_1_132' title='bbox 1028 1759 1330 1817; x_wconf 79' lang='lat' dir='ltr'>uvenalem</span> <span class='ocrx_word' id='word_1_133' title='bbox 1360 1758 1660 1818; x_wconf 84' lang='lat' dir='ltr'>exhibent.</span> <span class='ocrx_word' id='word_1_134' title='bbox 1733 1757 1872 1826; x_wconf 87' lang='lat' dir='ltr'>Quo</span> <span class='ocrx_word' id='word_1_135' title='bbox 1899 1774 2055 1815; x_wconf 86' lang='lat' dir='ltr'>anno</span> <span class='ocrx_word' id='word_1_136' title='bbox 2085 1756 2157 1814; x_wconf 89' lang='lat' dir='ltr'>sit</span> <span class='ocrx_word' id='word_1_137' title='bbox 2178 1764 2472 1828; x_wconf 81' lang='lat' dir='ltr'>exaratus,</span> 
     </span>
     <span class='ocr_line' id='line_1_20' title="bbox 252 1822 2470 1931; baseline -0 -17"><span class='ocrx_word' id='word_1_138' title='bbox 252 1875 369 1914; x_wconf 89' lang='lat' dir='ltr'>non</span> <span class='ocrx_word' id='word_1_139' title='bbox 397 1854 571 1915; x_wconf 84' lang='lat' dir='ltr'>adest</span> <span class='ocrx_word' id='word_1_140' title='bbox 615 1863 842 1914; x_wconf 87' lang='lat' dir='ltr'>certum</span> <span class='ocrx_word' id='word_1_141' title='bbox 886 1853 1190 1926; x_wconf 88' lang='lat' dir='ltr'>indicium,</span> <span class='ocrx_word' id='word_1_142' title='bbox 1240 1854 1340 1916; x_wconf 89' lang='lat' dir='ltr'>sed</span> <span class='ocrx_word' id='word_1_143' title='bbox 1370 1865 1507 1916; x_wconf 87' lang='lat' dir='ltr'>ante</span> <span class='ocrx_word' id='word_1_144' title='bbox 1554 1853 1813 1915; x_wconf 90' lang='lat' dir='ltr'>medium</span> <span class='ocrx_word' id='word_1_145' title='bbox 1859 1822 2016 1914; x_wconf 56' lang='lat' dir='ltr'>Saecf</span> <span class='ocrx_word' id='word_1_146' title='bbox 2043 1868 2158 1912; x_wconf 79' lang='lat' dir='ltr'>xv,</span> <span class='ocrx_word' id='word_1_147' title='bbox 2187 1853 2470 1931; x_wconf 83' lang='lat' dir='ltr'>scriptum</span> 
     </span>
     <span class='ocr_line' id='line_1_21' title="bbox 252 1948 2470 2027; baseline -0.001 -16"><span class='ocrx_word' id='word_1_148' title='bbox 252 1949 449 2023; x_wconf 81' lang='lat' dir='ltr'>fuisse,</span> <span class='ocrx_word' id='word_1_149' title='bbox 480 1961 540 2012; x_wconf 88' lang='lat' dir='ltr'>et</span> <span class='ocrx_word' id='word_1_150' title='bbox 582 1951 876 2012; x_wconf 80' lang='lat' dir='ltr'>literarum</span> <span class='ocrx_word' id='word_1_151' title='bbox 907 1951 1123 2012; x_wconf 85' lang='lat' dir='ltr'>ductus</span> <span class='ocrx_word' id='word_1_152' title='bbox 1153 1951 1428 2022; x_wconf 84' lang='lat' dir='ltr'>ostendit,</span> <span class='ocrx_word' id='word_1_153' title='bbox 1473 1959 1536 2011; x_wconf 89' lang='lat' dir='ltr'>et</span> <span class='ocrx_word' id='word_1_154' title='bbox 1580 1950 1805 2010; x_wconf 81' lang='lat' dir='ltr'>indicat</span> <span class='ocrx_word' id='word_1_155' title='bbox 1851 1948 2205 2027; x_wconf 82' lang='lat' dir='ltr'>possessoris</span> <span class='ocrx_word' id='word_1_156' title='bbox 2234 1967 2470 2009; x_wconf 88' lang='lat' dir='ltr'>nomen.</span> 
     </span>
     <span class='ocr_line' id='line_1_22' title="bbox 250 2046 2471 2127; baseline -0.001 -18"><span class='ocrx_word' id='word_1_157' title='bbox 250 2049 320 2110; x_wconf 89' lang='lat' dir='ltr'>In</span> <span class='ocrx_word' id='word_1_158' title='bbox 355 2068 567 2109; x_wconf 80' lang='lat' dir='ltr'>aversa</span> <span class='ocrx_word' id='word_1_159' title='bbox 614 2047 854 2127; x_wconf 90' lang='lat' dir='ltr'>quidem</span> <span class='ocrx_word' id='word_1_160' title='bbox 891 2046 1196 2108; x_wconf 88' lang='lat' dir='ltr'>anterioris</span> <span class='ocrx_word' id='word_1_161' title='bbox 1232 2047 1505 2126; x_wconf 84' lang='lat' dir='ltr'>tegminis</span> <span class='ocrx_word' id='word_1_162' title='bbox 1553 2056 1721 2127; x_wconf 83' lang='lat' dir='ltr'>parte</span> <span class='ocrx_word' id='word_1_163' title='bbox 1767 2046 2214 2125; x_wconf 85' lang='lat' dir='ltr'>conspiciuntur</span> <span class='ocrx_word' id='word_1_164' title='bbox 2245 2046 2428 2106; x_wconf 79' lang='lat' dir='ltr'>verba</span> <span class='ocrx_word' id='word_1_165' title='bbox 2449 2065 2471 2106; x_wconf 73' lang='lat' dir='ltr'>t</span> 
     </span>
     <span class='ocr_line' id='line_1_23' title="bbox 252 2141 2474 2225; baseline -0.001 -18"><span class='ocrx_word' id='word_1_166' title='bbox 252 2144 656 2207; x_wconf 77' lang='lat' dir='ltr'>Markwardo</span> <span class='ocrx_word' id='word_1_167' title='bbox 702 2145 773 2208; x_wconf 82' lang='lat' dir='ltr'>de</span> <span class='ocrx_word' id='word_1_168' title='bbox 811 2144 1103 2225; x_wconf 78' lang='lat' dir='ltr'>Baedegg</span> <span class='ocrx_word' id='word_1_169' title='bbox 1153 2145 1447 2205; x_wconf 79' lang='lat' dir='ltr'>Canonico</span> <span class='ocrx_word' id='word_1_170' title='bbox 1492 2144 1662 2206; x_wconf 76' lang='lat' dir='ltr'>ecclic</span> <span class='ocrx_word' id='word_1_171' title='bbox 1710 2145 1941 2204; x_wconf 69' lang='lat' dir='ltr'>Meteri.</span> <span class='ocrx_word' id='word_1_172' title='bbox 1972 2162 2109 2221; x_wconf 79' lang='lat' dir='ltr'>quoe</span> <span class='ocrx_word' id='word_1_173' title='bbox 2133 2141 2258 2202; x_wconf 86' lang='lat' dir='ltr'>sine</span> <span class='ocrx_word' id='word_1_174' title='bbox 2284 2141 2474 2204; x_wconf 83' lang='lat' dir='ltr'>dnbio</span> 
     </span>
     <span class='ocr_line' id='line_1_24' title="bbox 252 2240 2470 2323; baseline -0.002 -20"><span class='ocrx_word' id='word_1_175' title='bbox 252 2261 652 2322; x_wconf 84' lang='lat' dir='ltr'>possessorem</span> <span class='ocrx_word' id='word_1_176' title='bbox 696 2243 967 2302; x_wconf 87' lang='lat' dir='ltr'>innuunt.</span> <span class='ocrx_word' id='word_1_177' title='bbox 1036 2240 1492 2323; x_wconf 81' lang='lat' dir='ltr'>Baldeggiorum</span> <span class='ocrx_word' id='word_1_178' title='bbox 1536 2251 1769 2321; x_wconf 86' lang='lat' dir='ltr'>gentem</span> <span class='ocrx_word' id='word_1_179' title='bbox 1814 2242 1876 2301; x_wconf 91' lang='lat' dir='ltr'>in</span> <span class='ocrx_word' id='word_1_180' title='bbox 1917 2260 2075 2321; x_wconf 85' lang='lat' dir='ltr'>pago</span> <span class='ocrx_word' id='word_1_181' title='bbox 2109 2240 2470 2301; x_wconf 87' lang='lat' dir='ltr'>Lucernensi</span> 
     </span>
     <span class='ocr_line' id='line_1_25' title="bbox 252 2337 2470 2420; baseline -0.002 -20"><span class='ocrx_word' id='word_1_182' title='bbox 252 2341 391 2400; x_wconf 89' lang='lat' dir='ltr'>olim</span> <span class='ocrx_word' id='word_1_183' title='bbox 424 2339 715 2411; x_wconf 79' lang='lat' dir='ltr'>floruisse,</span> <span class='ocrx_word' id='word_1_184' title='bbox 743 2339 1258 2418; x_wconf 84' lang='lat' dir='ltr'>deprehendimus,</span> <span class='ocrx_word' id='word_1_185' title='bbox 1289 2360 1410 2420; x_wconf 90' lang='lat' dir='ltr'>quo</span> <span class='ocrx_word' id='word_1_186' title='bbox 1437 2349 1634 2400; x_wconf 84' lang='lat' dir='ltr'>autem</span> <span class='ocrx_word' id='word_1_187' title='bbox 1662 2338 1870 2398; x_wconf 83' lang='lat' dir='ltr'>vixerit</span> <span class='ocrx_word' id='word_1_188' title='bbox 1886 2359 2013 2398; x_wconf 57' lang='grc' dir='ltr'>ωηο</span> <span class='ocrx_word' id='word_1_189' title='bbox 2038 2337 2470 2410; x_wconf 81' lang='lat' dir='ltr'>Markwardus,</span> 
     </span>
     <span class='ocr_line' id='line_1_26' title="bbox 253 2434 2472 2516; baseline -0.003 -18"><span class='ocrx_word' id='word_1_190' title='bbox 253 2457 390 2498; x_wconf 86' lang='lat' dir='ltr'>cum</span> <span class='ocrx_word' id='word_1_191' title='bbox 418 2436 791 2516; x_wconf 86' lang='lat' dir='ltr'>ignarissimis</span> <span class='ocrx_word' id='word_1_192' title='bbox 818 2437 1127 2509; x_wconf 83' lang='lat' dir='ltr'>nescimus,</span> <span class='ocrx_word' id='word_1_193' title='bbox 1160 2437 1411 2516; x_wconf 88' lang='lat' dir='ltr'>ideoque</span> <span class='ocrx_word' id='word_1_194' title='bbox 1439 2438 1571 2498; x_wconf 86' lang='lat' dir='ltr'>iude</span> <span class='ocrx_word' id='word_1_195' title='bbox 1599 2437 1741 2496; x_wconf 89' lang='lat' dir='ltr'>nihil</span> <span class='ocrx_word' id='word_1_196' title='bbox 1770 2436 1914 2495; x_wconf 87' lang='lat' dir='ltr'>certi</span> <span class='ocrx_word' id='word_1_197' title='bbox 1940 2434 2014 2494; x_wconf 89' lang='lat' dir='ltr'>de</span> <span class='ocrx_word' id='word_1_198' title='bbox 2042 2443 2304 2514; x_wconf 87' lang='lat' dir='ltr'>tempore</span> <span class='ocrx_word' id='word_1_199' title='bbox 2333 2454 2472 2513; x_wconf 83' lang='lat' dir='ltr'>pos-</span> 
     </span>
     <span class='ocr_line' id='line_1_27' title="bbox 251 2531 2468 2612; baseline -0.002 -17"><span class='ocrx_word' id='word_1_200' title='bbox 251 2535 525 2595; x_wconf 83' lang='lat' dir='ltr'>sessionis</span> <span class='ocrx_word' id='word_1_201' title='bbox 546 2534 681 2595; x_wconf 88' lang='lat' dir='ltr'>elici</span> <span class='ocrx_word' id='word_1_202' title='bbox 719 2542 937 2612; x_wconf 89' lang='lat' dir='ltr'>potest.</span> <span class='ocrx_word' id='word_1_203' title='bbox 1008 2534 1123 2594; x_wconf 90' lang='lat' dir='ltr'>Sed</span> <span class='ocrx_word' id='word_1_204' title='bbox 1170 2545 1306 2595; x_wconf 86' lang='lat' dir='ltr'>ante</span> <span class='ocrx_word' id='word_1_205' title='bbox 1352 2534 1662 2595; x_wconf 85' lang='lat' dir='ltr'>exordium</span> <span class='ocrx_word' id='word_1_206' title='bbox 1688 2531 1989 2594; x_wconf 85' lang='lat' dir='ltr'>Juvenalis</span> <span class='ocrx_word' id='word_1_207' title='bbox 2017 2531 2384 2611; x_wconf 80' lang='lat' dir='ltr'>conspicitur</span> <span class='ocrx_word' id='word_1_208' title='bbox 2409 2531 2468 2591; x_wconf 86' lang='lat' dir='ltr'>in</span> 
     </span>
     <span class='ocr_line' id='line_1_28' title="bbox 250 2628 2470 2709; baseline -0.002 -18"><span class='ocrx_word' id='word_1_209' title='bbox 250 2631 394 2691; x_wconf 88' lang='lat' dir='ltr'>solio</span> <span class='ocrx_word' id='word_1_210' title='bbox 423 2630 702 2708; x_wconf 81' lang='lat' dir='ltr'>singulari</span> <span class='ocrx_word' id='word_1_211' title='bbox 732 2630 980 2707; x_wconf 82' lang='lat' dir='ltr'>pictura,</span> <span class='ocrx_word' id='word_1_212' title='bbox 1004 2649 1138 2707; x_wconf 81' lang='lat' dir='ltr'>quae</span> <span class='ocrx_word' id='word_1_213' title='bbox 1166 2649 1325 2691; x_wconf 80' lang='lat' dir='ltr'>arma</span> <span class='ocrx_word' id='word_1_214' title='bbox 1353 2631 1636 2709; x_wconf 85' lang='lat' dir='ltr'>gentilitia</span> <span class='ocrx_word' id='word_1_215' title='bbox 1667 2629 1863 2701; x_wconf 80' lang='lat' dir='ltr'>refert,</span> <span class='ocrx_word' id='word_1_216' title='bbox 1893 2628 2170 2707; x_wconf 75' lang='lat' dir='ltr'>clypeum</span> <span class='ocrx_word' id='word_1_217' title='bbox 2200 2628 2470 2686; x_wconf 89' lang='lat' dir='ltr'>nimirum</span> 
     </span>
     <span class='ocr_line' id='line_1_29' title="bbox 254 2723 2472 2806; baseline -0.003 -18"><span class='ocrx_word' id='word_1_218' title='bbox 254 2727 496 2806; x_wconf 79' lang='lat' dir='ltr'>oblique</span> <span class='ocrx_word' id='word_1_219' title='bbox 524 2727 794 2798; x_wconf 86' lang='lat' dir='ltr'>divisum,</span> <span class='ocrx_word' id='word_1_220' title='bbox 825 2726 999 2803; x_wconf 85' lang='lat' dir='ltr'>eujus</span> <span class='ocrx_word' id='word_1_221' title='bbox 1040 2725 1248 2786; x_wconf 79' lang='lat' dir='ltr'>dextra</span> <span class='ocrx_word' id='word_1_222' title='bbox 1292 2746 1428 2806; x_wconf 83' lang='lat' dir='ltr'>pars</span> <span class='ocrx_word' id='word_1_223' title='bbox 1474 2726 1631 2796; x_wconf 86' lang='lat' dir='ltr'>alba,</span> <span class='ocrx_word' id='word_1_224' title='bbox 1683 2726 1916 2784; x_wconf 86' lang='lat' dir='ltr'>sinistra</span> <span class='ocrx_word' id='word_1_225' title='bbox 1965 2725 2127 2801; x_wconf 87' lang='lat' dir='ltr'>nigra</span> <span class='ocrx_word' id='word_1_226' title='bbox 2157 2743 2294 2782; x_wconf 89' lang='lat' dir='ltr'>cum</span> <span class='ocrx_word' id='word_1_227' title='bbox 2322 2723 2472 2782; x_wconf 84' lang='lat' dir='ltr'>albi-</span> 
     </span>
     <span class='ocr_line' id='line_1_30' title="bbox 253 2818 2470 2924; baseline -0.002 -42"><span class='ocrx_word' id='word_1_228' title='bbox 253 2832 427 2882; x_wconf 82' lang='lat' dir='ltr'>cante</span> <span class='ocrx_word' id='word_1_229' title='bbox 476 2841 657 2881; x_wconf 88' lang='lat' dir='ltr'>cornu</span> <span class='ocrx_word' id='word_1_230' title='bbox 704 2821 964 2881; x_wconf 84' lang='lat' dir='ltr'>cervino.</span> <span class='ocrx_word' id='word_1_231' title='bbox 1046 2821 1658 2924; x_wconf 36' lang='lat' dir='ltr'>Clypeomsuhseripta</span> <span class='ocrx_word' id='word_1_232' title='bbox 1712 2831 1849 2880; x_wconf 86' lang='lat' dir='ltr'>sunt</span> <span class='ocrx_word' id='word_1_233' title='bbox 1904 2819 2207 2897; x_wconf 85' lang='lat' dir='ltr'>sequentia</span> <span class='ocrx_word' id='word_1_234' title='bbox 2253 2818 2470 2878; x_wconf 77' lang='lat' dir='ltr'>verba:</span> 
     </span>
    </p>
   </div>
   <div class='ocr_carea' id='block_1_6' title="bbox 234 2923 2474 4264">
    <p class='ocr_par' dir='ltr' id='par_1_6' title="bbox 234 2923 2474 4264">
     <span class='ocr_line' id='line_1_31' title="bbox 234 2923 2472 3009; baseline -0.001 -23"><span class='ocrx_word' id='word_1_235' title='bbox 234 2926 438 3005; x_wconf 69' lang='lat' dir='ltr'>felicis</span> <span class='ocrx_word' id='word_1_236' title='bbox 500 2928 755 3009; x_wconf 63' lang='lat' dir='ltr'>Contere</span> <span class='ocrx_word' id='word_1_237' title='bbox 809 2927 1138 2987; x_wconf 69' lang='lat' dir='ltr'>Thssricerf·</span> <span class='ocrx_word' id='word_1_238' title='bbox 1186 2947 1217 2987; x_wconf 80' lang='lat' dir='ltr'><em>z</em></span> <span class='ocrx_word' id='word_1_239' title='bbox 1247 2929 1484 3005; x_wconf 77' lang='lat' dir='ltr'>pposits’</span> <span class='ocrx_word' id='word_1_240' title='bbox 1523 2924 1724 2987; x_wconf 83' lang='lat' dir='ltr'>Solod.</span> <span class='ocrx_word' id='word_1_241' title='bbox 1765 2926 1823 2984; x_wconf 93' lang='lat' dir='ltr'>h.</span> <span class='ocrx_word' id='word_1_242' title='bbox 1863 2945 1917 2984; x_wconf 90' lang='lat' dir='ltr'>e.</span> <span class='ocrx_word' id='word_1_243' title='bbox 1957 2924 2169 2984; x_wconf 83' lang='lat' dir='ltr'>Felicis</span> <span class='ocrx_word' id='word_1_244' title='bbox 2198 2923 2472 2984; x_wconf 88' lang='lat' dir='ltr'>Cantoris</span> 
     </span>
     <span class='ocr_line' id='line_1_32' title="bbox 252 3017 2473 3102; baseline -0.002 -18"><span class='ocrx_word' id='word_1_245' title='bbox 252 3023 639 3084; x_wconf 88' lang='lat' dir='ltr'>Thuricensis</span> <span class='ocrx_word' id='word_1_246' title='bbox 684 3033 744 3084; x_wconf 73' lang='lat' dir='ltr'>et</span> <span class='ocrx_word' id='word_1_247' title='bbox 772 3022 1082 3102; x_wconf 81' lang='lat' dir='ltr'>Praepositi</span> <span class='ocrx_word' id='word_1_248' title='bbox 1123 3022 1547 3083; x_wconf 88' lang='lat' dir='ltr'>Solodurensis.</span> <span class='ocrx_word' id='word_1_249' title='bbox 1619 3022 1770 3091; x_wconf 85' lang='lat' dir='ltr'>Quis</span> <span class='ocrx_word' id='word_1_250' title='bbox 1794 3021 1903 3080; x_wconf 86' lang='lat' dir='ltr'>iste</span> <span class='ocrx_word' id='word_1_251' title='bbox 1933 3018 2092 3080; x_wconf 85' lang='lat' dir='ltr'>Felix</span> <span class='ocrx_word' id='word_1_252' title='bbox 2117 3017 2310 3090; x_wconf 81' lang='lat' dir='ltr'>fuerit,</span> <span class='ocrx_word' id='word_1_253' title='bbox 2342 3021 2473 3099; x_wconf 85' lang='lat' dir='ltr'>opi-</span> 
     </span>
     <span class='ocr_line' id='line_1_33' title="bbox 251 3117 2469 3198; baseline -0 -20"><span class='ocrx_word' id='word_1_254' title='bbox 251 3139 459 3180; x_wconf 85' lang='lat' dir='ltr'>namur</span> <span class='ocrx_word' id='word_1_255' title='bbox 486 3122 741 3190; x_wconf 85' lang='lat' dir='ltr'>eruisse;</span> <span class='ocrx_word' id='word_1_256' title='bbox 783 3140 899 3180; x_wconf 92' lang='lat' dir='ltr'>non</span> <span class='ocrx_word' id='word_1_257' title='bbox 928 3120 1105 3180; x_wconf 80' lang='lat' dir='ltr'>alium</span> <span class='ocrx_word' id='word_1_258' title='bbox 1136 3119 1450 3192; x_wconf 68' lang='lat' dir='ltr'>credimur»,</span> <span class='ocrx_word' id='word_1_259' title='bbox 1495 3138 1672 3198; x_wconf 84' lang='lat' dir='ltr'>quam</span> <span class='ocrx_word' id='word_1_260' title='bbox 1701 3117 1954 3179; x_wconf 84' lang='lat' dir='ltr'>Felicem</span> <span class='ocrx_word' id='word_1_261' title='bbox 1985 3117 2469 3190; x_wconf 80' lang='lat' dir='ltr'>Hemmerl&#39;inum,</span> 
     </span>
     <span class='ocr_line' id='line_1_34' title="bbox 250 3213 2474 3296; baseline -0.001 -20"><span class='ocrx_word' id='word_1_262' title='bbox 250 3217 517 3278; x_wconf 87' lang='lat' dir='ltr'>nobilem</span> <span class='ocrx_word' id='word_1_263' title='bbox 557 3217 996 3296; x_wconf 84' lang='lat' dir='ltr'>Beghardorum</span> <span class='ocrx_word' id='word_1_264' title='bbox 1042 3227 1531 3296; x_wconf 84' lang='lat' dir='ltr'>oppugnatorem,</span> <span class='ocrx_word' id='word_1_265' title='bbox 1563 3217 1666 3295; x_wconf 89' lang='lat' dir='ltr'>qui</span> <span class='ocrx_word' id='word_1_266' title='bbox 1693 3236 1748 3276; x_wconf 88' lang='lat' dir='ltr'>a.</span> <span class='ocrx_word' id='word_1_267' title='bbox 1783 3224 1958 3277; x_wconf 77' lang='lat'>1421.</span> <span class='ocrx_word' id='word_1_268' title='bbox 1989 3213 2338 3292; x_wconf 82' lang='lat' dir='ltr'>Praepositus</span> <span class='ocrx_word' id='word_1_269' title='bbox 2367 3216 2474 3274; x_wconf 87' lang='lat' dir='ltr'>So·</span> 
     </span>
     <span class='ocr_line' id='line_1_35' title="bbox 250 3309 2474 3393; baseline -0.002 -19"><span class='ocrx_word' id='word_1_270' title='bbox 250 3313 605 3385; x_wconf 88' lang='lat' dir='ltr'>lodurensis,</span> <span class='ocrx_word' id='word_1_271' title='bbox 632 3323 810 3393; x_wconf 86' lang='lat' dir='ltr'>atque</span> <span class='ocrx_word' id='word_1_272' title='bbox 839 3334 896 3372; x_wconf 83' lang='lat' dir='ltr'>a.</span> <span class='ocrx_word' id='word_1_273' title='bbox 932 3311 1106 3375; x_wconf 77' lang='lat'>1426.</span> <span class='ocrx_word' id='word_1_274' title='bbox 1137 3315 1359 3373; x_wconf 81' lang='lat' dir='ltr'>Cantor</span> <span class='ocrx_word' id='word_1_275' title='bbox 1382 3313 1764 3374; x_wconf 85' lang='lat' dir='ltr'>Thuricensis</span> <span class='ocrx_word' id='word_1_276' title='bbox 1795 3311 1987 3372; x_wconf 88' lang='lat' dir='ltr'>fuerat</span> <span class='ocrx_word' id='word_1_277' title='bbox 2015 3309 2230 3378; x_wconf 86' lang='lat' dir='ltr'>factus,</span> <span class='ocrx_word' id='word_1_278' title='bbox 2271 3310 2474 3389; x_wconf 84' lang='lat' dir='ltr'>cujus-</span> 
     </span>
     <span class='ocr_line' id='line_1_36' title="bbox 252 3406 2473 3490; baseline -0.001 -22"><span class='ocrx_word' id='word_1_279' title='bbox 252 3430 369 3490; x_wconf 86' lang='lat' dir='ltr'>que</span> <span class='ocrx_word' id='word_1_280' title='bbox 396 3409 575 3470; x_wconf 86' lang='lat' dir='ltr'>etiam</span> <span class='ocrx_word' id='word_1_281' title='bbox 606 3418 916 3470; x_wconf 80' lang='lat' dir='ltr'>tractatum</span> <span class='ocrx_word' id='word_1_282' title='bbox 943 3419 1148 3468; x_wconf 84' lang='lat' dir='ltr'>contra</span> <span class='ocrx_word' id='word_1_283' title='bbox 1176 3408 1514 3488; x_wconf 84' lang='lat' dir='ltr'>Beghardos</span> <span class='ocrx_word' id='word_1_284' title='bbox 1555 3419 1614 3468; x_wconf 87' lang='lat' dir='ltr'>et</span> <span class='ocrx_word' id='word_1_285' title='bbox 1651 3407 1997 3468; x_wconf 86' lang='lat' dir='ltr'>Lollhardos</span> <span class='ocrx_word' id='word_1_286' title='bbox 2026 3407 2082 3463; x_wconf 88' lang='lat' dir='ltr'>in</span> <span class='ocrx_word' id='word_1_287' title='bbox 2111 3406 2318 3464; x_wconf 88' lang='lat' dir='ltr'>codice</span> <span class='ocrx_word' id='word_1_288' title='bbox 2348 3409 2473 3474; x_wconf 77' lang='lat' dir='ltr'>Ms.</span> 
     </span>
     <span class='ocr_line' id='line_1_37' title="bbox 250 3502 2473 3583; baseline -0.001 -16"><span class='ocrx_word' id='word_1_289' title='bbox 250 3508 569 3567; x_wconf 86' lang='lat' dir='ltr'>chartaceo</span> <span class='ocrx_word' id='word_1_290' title='bbox 598 3505 905 3565; x_wconf 85' lang='lat' dir='ltr'>habemus.</span> <span class='ocrx_word' id='word_1_291' title='bbox 975 3505 1069 3566; x_wconf 85' lang='lat' dir='ltr'>ef.</span> <span class='ocrx_word' id='word_1_292' title='bbox 1103 3506 1357 3583; x_wconf 84' lang='lat' dir='ltr'>Allgem.</span> <span class='ocrx_word' id='word_1_293' title='bbox 1387 3505 1611 3566; x_wconf 87' lang='lat' dir='ltr'>Histor.</span> <span class='ocrx_word' id='word_1_294' title='bbox 1648 3504 1901 3566; x_wconf 88' lang='lat' dir='ltr'>Lexicon</span> <span class='ocrx_word' id='word_1_295' title='bbox 1933 3523 1982 3562; x_wconf 88' lang='lat' dir='ltr'>s.</span> <span class='ocrx_word' id='word_1_296' title='bbox 2011 3521 2151 3560; x_wconf 82' lang='lat' dir='ltr'>voce</span> <span class='ocrx_word' id='word_1_297' title='bbox 2175 3502 2473 3564; x_wconf 82' lang='lat' dir='ltr'>Hemmer-</span> 
     </span>
     <span class='ocr_line' id='line_1_38' title="bbox 251 3599 2473 3673; baseline 0 -11"><span class='ocrx_word' id='word_1_298' title='bbox 251 3602 361 3662; x_wconf 74' lang='lat' dir='ltr'>las.</span> <span class='ocrx_word' id='word_1_299' title='bbox 448 3602 602 3662; x_wconf 90' lang='lat' dir='ltr'>Cum</span> <span class='ocrx_word' id='word_1_300' title='bbox 633 3622 768 3660; x_wconf 82' lang='lat' dir='ltr'>vero</span> <span class='ocrx_word' id='word_1_301' title='bbox 796 3600 1110 3661; x_wconf 83' lang='lat' dir='ltr'>Malleolus</span> <span class='ocrx_word' id='word_1_302' title='bbox 1158 3601 1317 3660; x_wconf 84' lang='lat' dir='ltr'>circa</span> <span class='ocrx_word' id='word_1_303' title='bbox 1363 3622 1419 3661; x_wconf 85' lang='lat' dir='ltr'>a.</span> <span class='ocrx_word' id='word_1_304' title='bbox 1468 3601 1644 3663; x_wconf 81' lang='lat'>1456.</span> <span class='ocrx_word' id='word_1_305' title='bbox 1677 3601 1734 3660; x_wconf 88' lang='lat' dir='ltr'>in</span> <span class='ocrx_word' id='word_1_306' title='bbox 1764 3600 1906 3660; x_wconf 82' lang='lat' dir='ltr'>vivis</span> <span class='ocrx_word' id='word_1_307' title='bbox 1935 3619 2059 3660; x_wconf 86' lang='lat' dir='ltr'>esse</span> <span class='ocrx_word' id='word_1_308' title='bbox 2087 3599 2372 3673; x_wconf 85' lang='lat' dir='ltr'>desiisset,</span> <span class='ocrx_word' id='word_1_309' title='bbox 2406 3609 2473 3662; x_wconf 88' lang='lat' dir='ltr'>ut</span> 
     </span>
     <span class='ocr_line' id='line_1_39' title="bbox 250 3695 2470 3778; baseline 0 -20"><span class='ocrx_word' id='word_1_310' title='bbox 250 3697 522 3778; x_wconf 83' lang='lat' dir='ltr'>plerique</span> <span class='ocrx_word' id='word_1_311' title='bbox 550 3698 836 3768; x_wconf 85' lang='lat' dir='ltr'>scribunt,</span> <span class='ocrx_word' id='word_1_312' title='bbox 859 3697 943 3773; x_wconf 87' lang='lat' dir='ltr'>(in</span> <span class='ocrx_word' id='word_1_313' title='bbox 969 3697 1111 3756; x_wconf 85' lang='lat' dir='ltr'>vivis</span> <span class='ocrx_word' id='word_1_314' title='bbox 1133 3697 1330 3757; x_wconf 86' lang='lat' dir='ltr'>adhuc</span> <span class='ocrx_word' id='word_1_315' title='bbox 1355 3706 1480 3757; x_wconf 88' lang='lat' dir='ltr'>erat</span> <span class='ocrx_word' id='word_1_316' title='bbox 1510 3706 1682 3767; x_wconf 77' lang='lat'>1459.</span> <span class='ocrx_word' id='word_1_317' title='bbox 1708 3707 1856 3756; x_wconf 84' lang='lat' dir='ltr'>teste</span> <span class='ocrx_word' id='word_1_318' title='bbox 1877 3695 2125 3775; x_wconf 84' lang='lat' dir='ltr'>epistola</span> <span class='ocrx_word' id='word_1_319' title='bbox 2156 3697 2211 3755; x_wconf 86' lang='lat' dir='ltr'>in</span> <span class='ocrx_word' id='word_1_320' title='bbox 2241 3698 2470 3759; x_wconf 86' lang='lat' dir='ltr'>Codice</span> 
     </span>
     <span class='ocr_line' id='line_1_40' title="bbox 250 3793 2469 3872; baseline 0 -17"><span class='ocrx_word' id='word_1_321' title='bbox 250 3795 434 3856; x_wconf 88' lang='lat' dir='ltr'>modo</span> <span class='ocrx_word' id='word_1_322' title='bbox 464 3795 648 3854; x_wconf 85' lang='lat' dir='ltr'>citato</span> <span class='ocrx_word' id='word_1_323' title='bbox 678 3793 1048 3868; x_wconf 85' lang='lat' dir='ltr'>invenienda)</span> <span class='ocrx_word' id='word_1_324' title='bbox 1089 3813 1331 3854; x_wconf 88' lang='lat' dir='ltr'>necesse</span> <span class='ocrx_word' id='word_1_325' title='bbox 1373 3801 1482 3867; x_wconf 88' lang='lat' dir='ltr'>est,</span> <span class='ocrx_word' id='word_1_326' title='bbox 1526 3803 1648 3854; x_wconf 89' lang='lat' dir='ltr'>tum</span> <span class='ocrx_word' id='word_1_327' title='bbox 1679 3793 1954 3872; x_wconf 87' lang='lat' dir='ltr'>temporis</span> <span class='ocrx_word' id='word_1_328' title='bbox 1982 3793 2263 3853; x_wconf 89' lang='lat' dir='ltr'>Codicem</span> <span class='ocrx_word' id='word_1_329' title='bbox 2293 3795 2469 3855; x_wconf 85' lang='lat' dir='ltr'>istum</span> 
     </span>
     <span class='ocr_line' id='line_1_41' title="bbox 242 3891 2467 3972; baseline -0.001 -18"><span class='ocrx_word' id='word_1_330' title='bbox 242 3894 371 3972; x_wconf 86' lang='lat' dir='ltr'>jam</span> <span class='ocrx_word' id='word_1_331' title='bbox 410 3894 592 3954; x_wconf 83' lang='lat' dir='ltr'>fuisse</span> <span class='ocrx_word' id='word_1_332' title='bbox 630 3892 1054 3971; x_wconf 87' lang='lat' dir='ltr'>conscriptum.</span> <span class='ocrx_word' id='word_1_333' title='bbox 1137 3895 1348 3953; x_wconf 82' lang='lat' dir='ltr'>Literae</span> <span class='ocrx_word' id='word_1_334' title='bbox 1394 3900 1534 3953; x_wconf 90' lang='lat' dir='ltr'>sunt</span> <span class='ocrx_word' id='word_1_335' title='bbox 1580 3891 1927 3952; x_wconf 85' lang='lat' dir='ltr'>minusculae</span> <span class='ocrx_word' id='word_1_336' title='bbox 1978 3891 2467 3970; x_wconf 83' lang='lat' dir='ltr'>Longobardicae,</span> 
     </span>
     <span class='ocr_line' id='line_1_42' title="bbox 248 3988 2472 4070; baseline -0.003 -20"><span class='ocrx_word' id='word_1_337' title='bbox 248 3990 677 4070; x_wconf 79' lang='lat' dir='ltr'>frequentibus,</span> <span class='ocrx_word' id='word_1_338' title='bbox 707 3992 807 4050; x_wconf 89' lang='lat' dir='ltr'>sed</span> <span class='ocrx_word' id='word_1_339' title='bbox 837 3992 1132 4050; x_wconf 88' lang='lat' dir='ltr'>constanti</span> <span class='ocrx_word' id='word_1_340' title='bbox 1159 3990 1386 4051; x_wconf 85' lang='lat' dir='ltr'>ratione</span> <span class='ocrx_word' id='word_1_341' title='bbox 1429 3990 1605 4069; x_wconf 83' lang='lat' dir='ltr'>pictis</span> <span class='ocrx_word' id='word_1_342' title='bbox 1637 4008 1848 4048; x_wconf 84' lang='lat' dir='ltr'>vocum</span> <span class='ocrx_word' id='word_1_343' title='bbox 1880 3988 2262 4066; x_wconf 81' lang='lat' dir='ltr'>compendiis.</span> <span class='ocrx_word' id='word_1_344' title='bbox 2333 3988 2472 4045; x_wconf 86' lang='lat' dir='ltr'>Dis·</span> 
     </span>
     <span class='ocr_line' id='line_1_43' title="bbox 255 4081 2469 4165; baseline -0.002 -20"><span class='ocrx_word' id='word_1_345' title='bbox 255 4086 555 4146; x_wconf 83' lang='lat' dir='ltr'>tinctionis</span> <span class='ocrx_word' id='word_1_346' title='bbox 583 4096 740 4148; x_wconf 82' lang='lat' dir='ltr'>notae</span> <span class='ocrx_word' id='word_1_347' title='bbox 768 4086 942 4147; x_wconf 84' lang='lat' dir='ltr'>nullae</span> <span class='ocrx_word' id='word_1_348' title='bbox 969 4094 1310 4164; x_wconf 85' lang='lat' dir='ltr'>comparent</span> <span class='ocrx_word' id='word_1_349' title='bbox 1348 4095 1563 4165; x_wconf 84' lang='lat' dir='ltr'>praeter</span> <span class='ocrx_word' id='word_1_350' title='bbox 1589 4094 1897 4165; x_wconf 89' lang='lat' dir='ltr'>punctum,</span> <span class='ocrx_word' id='word_1_351' title='bbox 1930 4102 2182 4152; x_wconf 85' lang='lat' dir='ltr'>comma,</span> <span class='ocrx_word' id='word_1_352' title='bbox 2209 4090 2271 4141; x_wconf 89' lang='lat' dir='ltr'>et</span> <span class='ocrx_word' id='word_1_353' title='bbox 2295 4081 2469 4140; x_wconf 88' lang='lat' dir='ltr'>inter-</span> 
     </span>
     <span class='ocr_line' id='line_1_44' title="bbox 255 4176 2465 4264; baseline -0.003 -21"><span class='ocrx_word' id='word_1_354' title='bbox 255 4182 573 4264; x_wconf 84' lang='lat' dir='ltr'>rogationis</span> <span class='ocrx_word' id='word_1_355' title='bbox 602 4184 846 4263; x_wconf 83' lang='lat' dir='ltr'>signum.</span> <span class='ocrx_word' id='word_1_356' title='bbox 935 4183 1130 4243; x_wconf 89' lang='lat' dir='ltr'>Prima</span> <span class='ocrx_word' id='word_1_357' title='bbox 1159 4181 1454 4262; x_wconf 85' lang='lat' dir='ltr'>cujusque</span> <span class='ocrx_word' id='word_1_358' title='bbox 1480 4183 1712 4251; x_wconf 80' lang='lat' dir='ltr'>Satirae,</span> <span class='ocrx_word' id='word_1_359' title='bbox 1742 4177 2034 4257; x_wconf 80' lang='lat' dir='ltr'>loquimur</span> <span class='ocrx_word' id='word_1_360' title='bbox 2057 4176 2210 4234; x_wconf 84' lang='lat' dir='ltr'>enim</span> <span class='ocrx_word' id='word_1_361' title='bbox 2238 4185 2465 4237; x_wconf 86' lang='lat' dir='ltr'>tantum</span> 
     </span>
    </p>
   </div>
   <div class='ocr_carea' id='block_1_7' title="bbox 2956 3695 2960 4472">
    <p class='ocr_par' dir='ltr' id='par_1_7' title="bbox 2956 3695 2960 4472">
     <span class='ocr_line' id='line_1_45' title="bbox 2956 3695 2960 4472; baseline 0 0"><span class='ocrx_word' id='word_1_362' title='bbox 2956 3695 2960 4472; x_wconf 95' lang='lat' dir='ltr'> </span> 
     </span>
    </p>
   </div>
  </div>
 </body>
</html>
