2992 4859
1148 409 1596 459 suvnNAms.
2305 395 2478 461 1257

266 559 420 628 enit.
464 583 624 647 quae
653 564 971 647 proxima
999 564 1197 626 nobis
1217 583 1288 626 se
1312 563 1523 639 offert,
1549 569 1649 627 est
1674 564 1823 627 haec
1853 564 2000 646 ipsa
2030 560 2470 645 Rupertiana,

265 668 372 730 cui
415 667 517 729 tit.
580 665 659 727 D.
695 665 763 729 J.
803 665 849 728 J
856 685 963 727 uv.
1000 663 1247 747 Aquin.
1301 665 1442 728 Sat.
1479 682 1642 728 xv1.
1673 664 1762 728 ad
1787 665 2184 747 optimorum
2235 665 2478 730 Exem-

265 768 547 851 plarium
585 767 779 830 fidem
810 768 1174 843 recensitae,
1209 765 1542 829 Varietate
1581 766 1992 843 Lectionum,
2024 776 2478 852 perpetuoque

268 869 757 935 Commentario
804 871 1176 946 illustratae,
1239 876 1306 934 et
1368 870 1587 933 indice
1646 871 1971 934 uberrimo
2022 873 2383 950 instructae,
2437 891 2481 935 a

267 972 390 1036 Ge.
422 971 623 1035 Alex.
660 972 965 1055 Ruperti.
994 975 1038 1037 2
1066 973 1196 1037 vol.
1226 973 1380 1037 Svo.
1412 972 1686 1054 Lipsiae,
1723 973 1911 1038 1801.

350 1074 613 1139 Praeter
643 1095 744 1151 ea,
797 1095 949 1158 quae
997 1076 1065 1138 in
1110 1075 1235 1139 hoc
1281 1075 1416 1139 Tit.
1448 1083 1790 1157 apparent,
1822 1075 2096 1138 exhibet
2123 1076 2264 1139 haec
2311 1076 2469 1142 edit.

267 1174 474 1240 Codd.
506 1175 584 1237 M
588 1197 681 1241 ss».
710 1175 1095 1255 Elenchum‚
1118 1184 1183 1242 et
1203 1173 1801 1241 Commentationes
1821 1176 1905 1239 de
1925 1175 2087 1239 Vita
2104 1175 2149 1239 J
2153 1178 2474 1254 uvenaliS‚

268 1276 347 1341 de
378 1276 839 1343 Romanorum
869 1279 1091 1354 Satira
1122 1284 1188 1341 et
1215 1278 1526 1342 Satiricis
1556 1276 1813 1353 Poetis,
1845 1277 2202 1360 horumque
2231 1280 2477 1361 princi-

265 1379 494 1464 pibus„
529 1400 680 1443 cum
714 1381 869 1445 aliis
901 1381 1321 1463 quibusdam.

352 1481 519 1545 Non
548 1483 748 1545 nobis
779 1501 950 1565 opus
977 1487 1105 1559 est,
1134 1482 1305 1546 hanc
1337 1481 1660 1565 optimam
1702 1482 1856 1548 edit.
1885 1482 2198 1547 laudibus
2226 1483 2477 1566 magni-

268 1582 411 1647 ficis
438 1603 621 1647 nunc
665 1584 985 1667 temporis
1032 1584 1371 1661 extollere,
1422 1604 1545 1648 nec
1590 1587 1863 1668 requirit
1905 1587 2235 1668 propositi
2281 1586 2475 1664 ratio,

265 1705 386 1750 nos
415 1685 670 1769 aliquid
698 1687 762 1750 ei
794 1686 1147 1750 detrahere.
1234 1685 1528 1750 Textum
1556 1692 1934 1765 correctum,
1984 1688 2477 1765 concinnatum,

266 1787 683 1852 elaboratum
728 1788 1005 1874 jamJam
1035 1789 1201 1853 satis
1229 1790 1829 1873 pronunciaverunt
1861 1790 2064 1853 variae
2104 1789 2288 1853 editt.
2319 1808 2474 1872 quae

267 1896 400 1954 tam
430 1889 617 1974 apud
646 1895 912 1955 exteros
958 1911 1157 1974 quam
1204 1890 1382 1974 apud
1430 1896 1752 1954 nostrates
1782 1889 2142 1954 secundum
2185 1891 2355 1954 hanc
2383 1890 2477 1954 ef-

265 1991 565 2057 formatae
612 1999 784 2057 sunt.
874 1991 1205 2070 Quaedam
1257 1994 1511 2056 omissa
1559 1993 1629 2056 in
1672 1992 1828 2056 edit.
1878 1991 2304 2075 subsequenti
2351 2009 2475 2055 nos

270 2114 443 2176 aegre
471 2095 741 2158 ferrein
767 2113 962 2178 pagg.
993 2093 1527 2180 praecedentibus
1572 2113 1707 2158 non
1734 2095 2156 2176 negavimus3
2203 2112 2290 2156 an
2318 2111 2478 2157 vero

270 2198 479 2261 critici
510 2198 637 2261 viri
661 2196 977 2261 felicioris
1007 2198 1252 2279 ingenii
1293 2202 1362 2260 et
1382 2197 1724 2280 amplioris
1752 2196 2071 2261 doctrinae
2095 2196 2291 2261 nobis
2321 2214 2478 2260 con-

271 2301 578 2377 sentiant,
602 2319 809 2383 penes
830 2302 1017 2383 ipsos
1038 2300 1181 2363 erit.
1271 2297 1409 2362 Ubi
1438 2298 1774 2381 superflua
1803 2297 2380 2375 circumcidantur,
2409 2302 2478 2364 et

269 2402 644 2485 sphalmata
673 2404 1103 2485 corrigantur,
1135 2402 1242 2466 vel
1263 2420 1441 2466 nova
1462 2400 1765 2466 subsidia
1794 2400 2253 2478 adhibeantur,
2282 2404 2494 2465 erunt.

270 2506 380 2587 qui
410 2506 543 2569 sibi
573 2506 904 2589 doctoque
935 2508 1078 2569 viro
1107 2504 1531 2586 gratulentur.

349 2605 673 2691 Repetita
715 2608 872 2673 edit.
931 2609 1019 2672 ab
1073 2607 1308 2672 eodem
1355 2605 1479 2670 Ge.
1533 2606 1737 2671 Alex.
1779 2603 2131 2688 Rupertio,
2175 2603 2474 2687 Gotting.

270 2708 722 2774 moa—Edit.
753 2708 1100 2793 praesentis
1126 2708 1448 2777 rationem
1475 2708 1687 2773 verba
1711 2708 1933 2790 ipsius
1978 2706 2288 2790 Rupertii
2317 2705 2475 2792 (sub

270 2810 377 2874 fin.
410 2809 965 2876 Observationum
997 2811 1079 2875 de
1107 2810 1155 2876 J
1160 2810 1455 2878 uvenalis
1485 2808 1731 2894 Editt.)
1756 2809 1996 2873 melius
2025 2809 2476 2892 explicabunt,

269 2917 467 2996 quam
545 2918 816 2978 nostra:
906 2918 927 2947 ‘
948 2914 1151 2979 Hanc
1221 2915 1571 2978 editionem
1633 2930 1810 2976 nunc
1878 2912 1947 2975 in
2016 2909 2476 2993 compendium

267 3014 520 3097 redegi,
567 3034 849 3099 eamque
914 3017 1233 3081 rationem
1289 3022 1558 3082 secutus
1617 3033 1785 3092 sum,
1858 3018 1931 3078 ut
2002 3012 2285 3096 primum
2337 3016 2479 3076 tam

266 3117 492 3182 varias
547 3117 865 3181 lectiones
923 3126 1175 3185 tantum
1248 3139 1380 3184 non
1435 3137 1686 3195 omme,
1740 3135 1940 3201 quam
1997 3115 2313 3198 pleraque
2368 3115 2478 3179 vel

266 3222 564 3281 veterum
594 3220 991 3301 scriptorum
1014 3220 1171 3285 loca
1196 3225 1266 3285 et
1305 3221 1636 3304 exempla,
1665 3220 1771 3284 vel
1810 3221 2098 3283 virorum
2139 3217 2478 3282 doctorum

269 3320 785 3398 observationeS,
856 3341 978 3405 per
1043 3343 1245 3408 opera
1317 3322 1581 3388 diversa
1653 3321 2015 3406 dispersae,
2084 3337 2473 3396 resecarem,

270 3421 504 3486 deinde
530 3423 601 3485 in
629 3426 1098 3489 commentario
1122 3431 1446 3511 perpetuo
1466 3424 1793 3509 permulta
1820 3429 1887 3487 et
1913 3419 2486 3500 circumciderem,

270 3529 336 3589 et
354 3522 792 3601 emendarem,
814 3531 882 3590 et
901 3526 1280 3610 adjicerem,
1305 3532 1442 3592 tum
1463 3543 1639 3591 nova
1661 3523 1983 3601 subsidia,
2009 3525 2205 3588 etiam
2231 3520 2478 3587 Graeoa

270 3630 337 3690 et
383 3624 641 3702 critica,
696 3627 1264 3712 circumspicerem
1326 3635 1397 3695 et
1452 3628 1854 3705 adhiberem,
1914 3624 2199 3709 denique
2252 3625 2477 3708 ipsum

270 3725 494 3813 poetae
541 3731 795 3791 textum
837 3730 1092 3795 iteratis
1140 3731 1314 3796 curis
1364 3731 1780 3812 castigarem,
1827 3728 1922 3792 ita
1965 3732 2040 3792 ut
2079 3728 2228 3791 haec
2270 3725 2488 3790 editio⁴

272 3848 453 3894 nova
506 3829 708 3912 plane
750 3835 819 3894 et
867 3832 1266 3897 emendatior
1309 3830 1525 3897 videri
1571 3827 1827 3915 possit-⁹
1911 3827 2299 3894 Notandum
2349 3832 2473 3905 est,

274 3929 488 3994 Codd.
522 3928 695 3995 Mss.
722 3936 1087 3998 exterorum
1119 3932 1483 3998 Elenchum
1529 3949 1677 3995 esse
1726 3931 1896 3995 inter
1942 3950 2045 4010 ea,
2073 3949 2224 4014 quae
2252 3930 2320 3993 in
2343 3927 2474 3991 hae

276 4031 455 4097 Edit.
483 4032 890 4098 omittuntur.
2475 4055 2484 4066 ‘

358 4133 407 4202 J
411 4153 520 4203 nv.
549 4139 616 4202 et
635 4134 823 4205 Pers,
855 4136 999 4203 Sat.
1030 4135 1193 4205 Hal.
1222 4138 1386 4204 Sax.
1414 4137 1565 4206 Svo.
1589 4134 1782 4202 1804.
