2992 4859
1251 314 1502 366 PERSII
1559 314 1721 367 SAT.
1770 318 1819 365 1.

361 454 541 519 Ponit,
562 454 784 516 Εδοῑῑκπι,
805 469 900 519 pro
921 454 1303 519 semote-Vidi,
1322 456 1427 505 vidi

359 529 485 593 ipse]
519 531 569 581 Ο
593 530 787 593 libelle,
817 540 874 581 ut
899 532 1062 583 Midae
1084 547 1263 583 servus
1285 534 1423 582 dice-

365 606 459 655 bat
477 606 667 657 scrobi.
730 607 907 658 Lubin.
1021 654 1030 663 ,

411 686 520 731 121
555 674 831 747 Ana-inatus]
857 684 975 735 Hoc
990 691 1165 733 autem
1188 685 1420 748 estquod

359 760 599 822 superius
645 776 742 825 per
779 762 1127 827 Aposiopesin
1181 764 1422 823 obticuit,

360 847 478 885 cnm
513 834 677 883 dixit:
703 837 718 864 ‘
745 838 879 887 Nam
903 840 1078 888 Romae
1118 838 1232 903 quis
1269 853 1367 886 non
1381 837 1417 886 Ρ

359 911 577 962 Scilicet
599 912 754 963 habet
776 916 1033 966 auriculas
1057 916 1204 964 asini.
1236 915 1302 963 Id
1325 921 1420 977 est,

359 987 491 1037 Quis
526 1002 626 1036 non
651 990 830 1038 Romae
854 996 933 1039 est
956 998 1202 1053 corrupto
1224 996 1279 1038 et
1303 1004 1417 1052 pra-

356 1077 421 1111 vo
443 1064 680 1127 jndicio?
714 1067 869 1115 Prius
891 1068 1158 1131 scripsisse
1187 1067 1415 1117 dicitur:

353 1138 368 1163 ‘
392 1137 665 1197 Auriculas
707 1139 855 1190 Asini
890 1143 1037 1191 Mida
1098 1142 1418 1205 rex-habet!

356 1213 615 1263 Cornutus
657 1232 779 1266 vero
815 1220 1123 1281 praeceptor,
1158 1232 1223 1265 ne
1266 1217 1416 1267 Clau-

352 1286 471 1337 dius
487 1296 543 1339 et
566 1291 708 1341 Nero
732 1292 904 1356 Impp.
929 1293 983 1341 in
1004 1307 1060 1341 se
1093 1292 1291 1341 dictum
1326 1308 1416 1355 pu-

353 1371 548 1428 tarent,
585 1366 661 1416 ita
693 1370 1126 1430 mutavit.—Hoc,
1161 1370 1266 1433 εμπ]
1310 1369 1417 1419 Oc-

353 1441 552 1490 cultum
587 1449 643 1492 et
683 1452 938 1494 secretum
969 1446 1146 1495 libello
1179 1461 1295 1495 meo
1332 1447 1415 1508 do,

352 1524 409 1566 et
433 1517 619 1569 insero.
657 1519 831 1570 Lubin.
1167 1526 1174 1533 ”

417 1597 515 1643 122
548 1593 672 1657 Hoc,
691 1596 798 1658 Spa]
855 1597 1006 1648 Quod
1029 1594 1273 1647 ‘solutiori
1308 1598 1411 1646 risu

350 1672 597 1734 insector,
629 1679 683 1723 et
716 1675 1059 1738 reprehendo,
1092 1675 1231 1740 quod
1263 1689 1413 1724 nemo

325 1754 336 1764 ‘
350 1746 761 1810 legen—Meum]
811 1750 974 1801 Quasi
989 1750 1165 1810 solius,
1182 1748 1411 1813 qn'amv'is

352 1822 481 1871 alios
506 1824 728 1873 lectores
771 1838 872 1873 non
917 1826 1291 1875 morem-Tam
1321 1826 1414 1890 nil]

350 1898 601 1950 Quamvis
649 1898 748 1947 vile
791 1914 959 1949 meum
1005 1902 1191 1964 poema
1241 1903 1407 1951 nullos

346 1974 573 2024 lectores
612 1975 681 2025 sit
719 1975 1033 2038 habiturum,
1070 1983 1242 2026 tamen
1283 1974 1409 2027 illud

348 2063 466 2099 meo
511 2057 655 2099 certe
708 2052 910 2115 judicio
953 2051 1104 2100 Accii
1152 2054 1409 2103 Labeonis

348 2124 501 2195 Iliadi
523 2128 798 2191 antepono:
865 2128 929 2176 ld
952 2135 1050 2191 est,
1073 2129 1247 2179 Hasce
1270 2145 1410 2180 meas

347 2216 510 2265 nugas
531 2203 693 2266 pluris
717 2204 936 2264 assumo,
976 2218 1127 2268 quam
1166 2204 1408 2254 insulsam

347 2278 487 2327 illam
543 2278 680 2328 Attii
741 2279 991 2328 Labeonis
1050 2280 1133 2329 vel
1189 2281 1408 2330 Neronis

346 2354 531 2404 Iliada.
578 2354 960 2416 Iam—Naue,
998 2353 1104 2418 ξω]
1150 2356 1269 2404 Non
1311 2357 1406 2406 tibi

346 2429 474 2478 illud
513 2428 651 2490 dem,
694 2430 735 2478 si
768 2430 892 2480 mihi
928 2429 1096 2480 Iliada
1137 2431 1408 2494 Labeonis,

347 2513 439 2556 ant
461 2506 684 2557 Neronis
706 2507 934 2555 Troicon
958 2506 1144 2556 tradas.
1185 2507 1406 2571 Scripsit

349 2585 492 2634 Nero
508 2584 750 2634 Troicon.
797 2585 904 2634 Vet-
924 2585 1038 2635 Solu.

413 2663 508 2709 128
540 2660 868 2723 Andos-imm]
922 2662 1207 2725 Hucusque
1235 2662 1405 2711 Persii

344 2735 411 2785 de
431 2735 706 2785 scribenda
727 2738 914 2798 Satyra
931 2735 1214 2784 consilium.
1248 2736 1408 2784 Dein-

345 2824 470 2877 ceps
516 2826 667 2876 quem
708 2813 962 2861 lectorem
1016 2810 1142 2860 velit
1180 2819 1236 2861 et
1276 2812 1408 2861 nolit

341 2900 548 2937 suarum
579 2889 898 2951 Satyrarum,
929 2886 1128 2936 indicat
1163 2902 1230 2935 ex
1264 2888 1406 2937 dissi-

342 2963 564 3014 milibus.
619 2965 739 3013 Non
764 2963 1193 3027 Polydamantem
1217 2964 1404 3012 etTro·

332 3038 508 3103 jades,
532 3039 621 3088 sed
643 3040 696 3088 in
730 3038 990 3089 veteribus
1010 3039 1232 3089 Cornicis
1256 3041 1404 3102 Grae·

342 3115 418 3165 cis
438 3123 715 3166 versatum.
781 3116 908 3165 Vult
933 3116 1152 3180 aliquem
1192 3118 1246 3165 in
1279 3120 1404 3167 Cra-

341 3191 458 3255 tini,
474 3192 758 3255 Eupolidis,
782 3191 1144 3254 Aristophanis
1166 3194 1405 3242 carmini·

344 3266 439 3316 bus
477 3275 749 3328 versatum,
781 3281 883 3315 non
919 3266 1177 3328 vitiosum,
1223 3283 1402 3331 proca-

342 3358 458 3395 cem
481 3350 537 3393 et
557 3341 1136 3406 superbum—Aristan]
1172 3343 1403 3407 lmbnte,

341 3420 488 3485 quasi
511 3420 890 3477 Enthusiasmo,
920 3432 1010 3466 suo
1050 3418 1196 3481 quasi
1228 3417 1403 3468 divino

340 3496 586 3545 instinctu
611 3493 780 3542 audax
796 3492 1041 3542 Cratinus
1066 3501 1292 3542 mentem
1312 3495 1402 3543 im-

339 3573 476 3632 buit,
506 3580 561 3622 et
597 3571 738 3635 quasi
772 3568 1264 3636 adflavin—Affiute‚
1298 3573 1406 3635 qa]

341 3649 465 3711 Pro,
484 3662 516 3697 o
540 3654 613 3709 tu,
635 3647 925 3710 quicunque
958 3661 1015 3695 es
1037 3644 1239 3695 afflatus
1278 3648 1401 3697 Cra-

341 3724 480 3774 tino:
514 3723 600 3786 qni
622 3722 822 3771 scilicet
846 3723 1066 3772 maxima
1089 3724 1280 3772 veteris
1305 3725 1402 3774 Co·

339 3799 545 3849 moediae
561 3797 825 3858 libertate,
852 3799 1235 3847 Atheniensium
1271 3799 1403 3848 vitia

339 3875 604 3939 carpebat.
675 3874 883 3924 Dicitur
899 3875 1086 3938 afflatus
1105 3875 1323 3937 Cratino,
1339 3877 1401 3937 is,

338 3953 427 4018 qui
459 3951 657 4007 Cratini
693 3947 980 3998 fabularum
1019 3949 1247 3999 lectione
1282 3952 1402 4000 assi-

339 4030 441 4078 dua
459 4027 613 4076 fuerit
646 4024 881 4086 affectus,
913 4031 968 4074 et
989 4039 1215 4074 amorem
1239 4027 1401 4077 virtu-

340 4102 540 4154 tlsinde
557 4101 878 4166 conceperit.
916 4102 1233 4152 Cmubom.

403 4183 500 4233 12⁴
535 4180 736 4245 tracuus,
766 4178 875 4245 qm]
931 4177 1276 4243 cogitandum
1308 4195 1402 4232 cur

2436 304 2571 371 219

1503 456 1809 520 Eupolidem
1827 463 1979 507 vocet
1991 458 2186 521 iram,
2202 474 2353 524 quem
2371 466 2565 511 testan-

1503 537 1587 580 tur
1636 540 1839 581 veteres
1900 534 2070 583 critici
2115 535 2451 587 remissiorem
2508 543 2565 587 et

1502 605 1715 655 Cratino
1751 605 1910 656 fuisse
1945 613 2001 657 et
2040 607 2406 672 Aristophane,
2428 611 2566 673 jocis

1500 682 1638 731 enim
1676 697 1739 732 ac
1783 684 1973 733 salibus
2008 684 2312 748 abundasse,
2334 686 2421 750 qui
2462 701 2565 736 non

1500 760 1812 808 conveniunt
1855 759 2014 809 iratis.
2089 759 2173 809 An
2216 761 2392 811 iratum
2431 761 2567 812 dixit

1500 848 1596 897 pro
1623 835 1758 884 tristi
1781 849 1842 883 ac
1867 835 2079 884 severo?
2114 836 2250 900 quod
2272 837 2563 900 epithetum

1499 924 1769 959 commune
1788 917 1866 960 est
1888 912 2115 960 omnium
2132 913 2219 975 qui
2237 913 2368 963 vitia
2389 924 2563 977 repre-

1494 984 1857 1047 henduut;,au
1896 986 1960 1035 ad
1998 986 2311 1049 peculiarem
2340 987 2565 1052 aliquam

1495 1059 1630 1108 illius
1661 1060 1884 1111 fabulam
1919 1062 2151 1125 respicit,
2174 1064 2324 1125 cujus
2357 1064 2565 1128 scripti-

1493 1150 1644 1185 onem
1666 1139 1953 1201 susceperit
1978 1138 2180 1188 iratus?
2234 1141 2564 1192 Pambos.—

1495 1213 1796 1277 Eupolidem]
1861 1214 2014 1263 vitiis
2054 1214 2446 1265 Atheniensium
2486 1218 2562 1267 in-

1493 1286 1695 1337 fensum
1736 1296 1791 1339 et
1836 1288 2099 1340 infestum.
2175 1290 2346 1339 Periit
2390 1305 2562 1354 pugna

1491 1364 1662 1411 navali
1692 1363 1829 1413 inter
1862 1364 2284 1414 Lacedaemonios
2306 1370 2363 1414 et
2401 1363 2562 1415 Athe·

1491 1439 1710 1500 nienses,
1745 1439 1888 1501 cujus
1933 1453 2064 1488 mors
2108 1446 2311 1489 tantum
2364 1442 2561 1491 luctum

1491 1517 1607 1566 urbi
1631 1519 1825 1580 attulit,
1843 1524 1901 1567 ut
1923 1518 2131 1583 publico
2150 1518 2326 1569 edicto
2350 1526 2560 1569 canutum

1488 1594 1573 1654 sit,
1613 1608 1677 1642 ne
1712 1593 1894 1643 Poetae
1936 1595 1987 1643 in
2031 1603 2292 1657 posterum
2333 1596 2561 1647 militare

1490 1667 2060 1731 liceret.—Praegraadi,
2103 1670 2212 1733 qm]
2254 1669 2559 1734 Aristopha-

1487 1757 1607 1792 nem
1639 1744 1907 1808 intelligit,
1940 1745 2030 1810 qui
2064 1746 2177 1808 jam
2218 1752 2376 1796 astate
2409 1760 2559 1808 gran·

1487 1817 1603 1867 dior
1621 1819 1837 1882 Satyrus
1861 1820 2105 1884 scripsit:
2142 1822 2222 1870 vel
2261 1821 2325 1871 ad
2349 1822 2556 1872 dicendi

1487 1907 1647 1957 genus
1663 1893 2069 1960 retem—Palles]
2100 1896 2397 1959 Diligenter
2415 1897 2555 1946 evol-

1487 1969 1582 2032 vis,
1597 1976 1653 2018 et
1676 1970 1853 2019 studio
1877 1970 2035 2020 nimio
2073 1970 2171 2020 tibi
2205 1970 2455 2033 pallorem
2501 1976 2556 2021 et

1483 2044 1700 2093 maciem
1756 2045 2036 2094 contrahis.
2124 2046 2245 2106 Vei,
2300 2047 2553 2108 pallorem

1484 2112 1659 2169 studio
1696 2126 1752 2170 et
1789 2121 2093 2171 assiduitate
2116 2121 2323 2184 legendi
2346 2122 2556 2184 Eupoli·

1483 2196 1562 2244 <lis
1632 2196 1910 2246 comedias
1980 2202 2310 2246 contractum
2373 2197 2555 2260 palles.

1481 2272 1712 2321 Turneb.
1735 2287 1785 2321 v.
1808 2276 1857 2321 3.
1882 2273 1935 2321 iu
1956 2271 2080 2321 fine.
2105 2279 2161 2321 et
2184 2285 2241 2321 x.
2261 2277 2307 2322 1.

1549 2353 1642 2399 125
1688 2350 1883 2413 Aspice]
1947 2350 2121 2399 Hasce
2160 2364 2300 2399 meas
2338 2352 2552 2414 Satyrss

1480 2443 1690 2492 quoque
1737 2430 1995 2491 inspicere
2050 2429 2285 2492 dignare,
2329 2431 2372 2478 si
2428 2429 2549 2493 qnid

1483 2505 1728 2574 limatius,
1759 2505 1988 2569 politius,
2020 2511 2076 2554 et
2111 2506 2264 2568 longo
2302 2505 2475 2555 studio
2499 2513 2554 2555 et

1481 2582 1734 2631 industria
1775 2582 2049 2630 decoctum
2091 2588 2148 2630 et
2180 2588 2453 2643 maturum,
2495 2589 2552 2630 et

1481 2660 1692 2708 minime
1735 2660 1967 2722 crudum,
2000 2660 2137 2722 quod
2183 2674 2299 2708 cum
2337 2660 2551 2709 solertia

1482 2735 1570 2784 illa
1614 2735 1923 2784 Graecanica
1967 2735 2259 2797 comparari
2305 2740 2551 2798 queat.—

1480 2810 1757 2873 Deooctius]
1824 2811 2122 2871 Maturius3
2176 2811 2477 2873 metaphora
2518 2826 2550 2862 a

1482 2888 1759 2940 fructibus.
1827 2891 1890 2939 ld
1929 2898 2027 2953 est,
2062 2890 2392 2941 Elaboratum
2435 2891 2551 2941 dili-

1481 2966 1702 3029 gentius.
1739 2966 1917 3015 Lubin.

1548 3045 1642 3092 126
1675 3042 1809 3103 Inde,
1857 3041 1965 3105 erm]
2022 3042 2153 3091 Inde
2204 3057 2270 3091 ex
2324 3041 2547 3092 lectione

1481 3110 1787 3168 Graeco‘rum
1811 3119 2188 3182 Satyricorum,
2212 3120 2392 3183 lector,
2414 3120 2548 3169 cale-

1478 3191 1621 3243 facta
1651 3201 1708 3244 et
1740 3194 1886 3258 quasi
1911 3200 2205 3258 praeparata
2251 3208 2397 3256 aure,
2430 3208 2547 3244 mea

1477 3284 1686 3334 quoque
1724 3271 1955 3319 carmina
1993 3286 2108 3320 cum
2143 3270 2347 3320 fervore
2379 3278 2434 3321 et
2469 3287 2546 3321 ar·

1478 3344 1606 3393 dore
1628 3345 1820 3395 aiidiat.
1885 3346 2043 3398 Quasi
2066 3347 2232 3397 dicat:
2256 3346 2549 3410 Tepefacta

1482 3426 1540 3469 et
1563 3420 1748 3469 leviter
1769 3418 2024 3470 calefacta
2044 3435 2185 3481 anre,
2200 3429 2254 3471 et
2281 3422 2422 3484 quasi
2442 3422 2545 3485 pri-

1476 3510 1615 3545 mum
1652 3497 1878 3546 excitata
1913 3494 2035 3545 inde
2057 3511 2121 3545 ex
2152 3498 2379 3547 lectione
2400 3504 2544 3546 vete·

1478 3587 1588 3620 rum
1629 3571 2022 3621 comicorum.—
2032 3571 2293 3635 Vaporata]
2326 3568 2541 3633 Illorum

1475 3647 1682 3711 scriptis
1716 3660 1948 3705 accensa,
1988 3647 2069 3695 vei
2112 3647 2283 3710 potius
2320 3655 2543 3711 purgata

1475 3731 1533 3773 et
1572 3723 2100 3787 praeparata—Mihi,
2134 3722 2243 3786 qm]
2312 3724 2540 3774 Fervere

1476 3800 1611 3849 enim
1635 3798 1899 3862 negotium
1921 3797 2134 3859 dicitur,
2152 3799 2289 3862 quod
2325 3810 2540 3863 urgetur

1475 3875 1782 3939 diligenter:
1817 3874 1869 3922 id
1893 3881 1995 3936 est,
2018 3874 2145 3923 Mihi
2181 3876 2255 3924 sic
2290 3875 2539 3938 frequens

1475 3958 1530 4001 et
1572 3951 1828 4002 smdiosus
1861 3966 1977 4000 cum
2013 3948 2219 3999 fervore
2255 3958 2311 3999 et
2351 3951 2539 4000 ardore

1471 4042 1589 4078 mea
1609 4029 1764 4091 legat.
1796 4027 2019 4076 Turneb.
2046 4038 2254 4074 xxvm.
2270 4029 2353 4073 26.

1540 4108 1634 4154 12⁷
1671 4103 1914 4167 Numa]
1958 4099 2547 4164 Dixitqusleslectores.

1472 4180 1616 4232 velit.
1662 4180 1783 4233 Jam
1800 4179 1928 4230 dicit
1944 4191 2069 4242 quos
2091 4176 2219 4227 nolit
2233 4183 2288 4226 et
2304 4187 2537 4242 respuat.
