2992 4859
1172 395 1620 448 JUVBNALIS.
2324 388 2498 455 1209

300 533 495 610 Atque
518 532 743 594 utinam
774 536 985 596 veteris
1007 536 1224 612 librarii
1252 557 1488 599 manum
1521 541 1793 601 omnibus
1820 543 2058 602 omuino
2086 545 2234 604 iocis
2260 533 2500 626 assequi

294 627 573 689 licuisset.
661 633 900 702 Verum,
930 635 1128 693 nescio
1157 655 1293 712 quo,
1338 636 1491 694 malo
1518 637 1690 714 genio
1716 638 1936 698 factum
1967 651 2079 712 est,
2106 652 2170 702 ut
2198 645 2496 721 exemplar

292 722 430 782 illud
462 725 624 783 nulia
654 737 819 803 parte
864 728 1069 787 melius
1096 741 1271 800 esset,
1316 751 1489 809 quam
1521 752 1642 808 qua
1669 735 1920 811 imperiti
1949 736 2181 796 lectoris
2225 739 2406 815 impio
2433 748 2497 798 et

294 816 507 879 infelici
534 824 696 899 stylo
716 843 965 894 erasum,
994 826 1300 886 infeliciori
1329 830 1503 887 etiam
1537 830 1763 889 calamo
1792 832 2187 914 emendatum,
2212 849 2312 892 aut
2333 855 2496 894 men-

293 912 495 975 datum
524 919 727 994 potius
751 930 813 978 et
840 922 1299 986 contaminatum
1331 923 1476 982 fuit:
1523 925 1674 984 adeo
1703 936 1767 985 ut
1795 928 1932 987 mibi
1953 932 2283 989 recentioris
2314 931 2497 1009 scrip-

294 1021 440 1071 turae
470 1015 713 1091 vestigia
734 1018 905 1092 quasi
932 1027 1086 1077 notoe
1114 1019 1453 1099 iudicesque
1482 1023 1693 1083 suerint
1719 1025 1793 1083 ad
1823 1036 2070 1086 veterem
2100 1027 2491 1106 indagandam

293 1117 472 1185 atque
498 1113 840 1183 eruendam,
887 1132 1059 1191 quam
1089 1115 1338 1199 adjectae
1366 1118 1577 1194 passim
1604 1119 1678 1179 ad
1717 1130 2029 1198 utrumque
2059 1123 2372 1202 marginem
2403 1125 2495 1183 in·

290 1205 738 1282 terpretatioues
778 1209 1072 1269 interdum
1118 1211 1591 1289 suppeditarunt,
1635 1235 1791 1293 saepe
1834 1237 1938 1276 nos
1977 1228 2036 1277 et
2076 1219 2219 1296 ipsae
2258 1219 2497 1281 deseru-

293 1309 485 1359 erunt.
570 1304 783 1363 Earum
839 1324 1014 1382 porro
1071 1327 1261 1384 quem.
1302 1309 1617 1368 Auctorem
1672 1312 2009 1370 nominatim
2069 1313 2321 1390 laudem,
2374 1337 2494 1377 non

297 1394 510 1467 babeo,
552 1419 691 1458 cum
723 1401 944 1461 nullum
980 1403 1251 1480 praeferat
1291 1405 1480 1464 codex
1512 1407 1626 1477 iile,
1675 1428 1795 1484 quo
1823 1410 1936 1468 hac
1975 1420 2137 1486 parte
2167 1412 2254 1469 usi
2296 1432 2497 1473 sumus

295 1493 508 1552 unico:
568 1514 903 1574 quanquam
952 1518 1068 1558 non
1123 1499 1327 1576 ignom
1383 1521 1418 1559 a
1472 1501 1763 1581 plerisque
1817 1524 1930 1563 non
1978 1516 2289 1584 postremae
2337 1520 2494 1569 notae

294 1588 681 1666 scriptoribus
712 1593 917 1652 Probo
964 1595 1140 1653 tribui
1183 1598 1600 1656 commentaria
1648 1617 1765 1656 non
1810 1598 1866 1658 in
1909 1601 2253 1660 Juvenalem
2295 1603 2492 1675 modo,

294 1684 397 1743 sed
427 1697 491 1745 et
515 1686 575 1744 in
605 1689 686 1746 Α.
713 1689 895 1747 Persii
924 1692 1296 1769 Satyrasilia,
1328 1713 1577 1767 quorum
1603 1694 1732 1753 heic
1763 1714 2002 1772 quoque
2024 1697 2238 1756 bonam
2271 1708 2494 1777 partem

292 1783 749 1843 emendatiorem
780 1785 1007 1856 damus,
1054 1788 1139 1846 usi
1166 1789 1341 1848 etiam
1380 1791 1488 1849 hac
1520 1790 1577 1849 in
1607 1811 1667 1850 re
1695 1792 1944 1851 consilio
1975 1791 2327 1872 judicioque
2355 1795 2502 1854 ami·

294 1897 521 1949 corum,
564 1891 743 1958 atque
770 1881 829 1939 in
875 1882 1072 1958 primis
1112 1884 1235 1942 Jos.
1263 1885 1540 1961 Scaligeri
1583 1885 1688 1944 viri
1718 1886 2209 1963 incomparabilia,
2259 1889 2333 1946 de
2376 1908 2500 1966 quo

298 1974 582 2054 quicquid
614 1987 896 2054 praeterea
934 1977 1155 2049 dixero,
1201 1980 1393 2039 miuus
1438 1981 1569 2039 erit.
1660 1982 1723 2039 ld
1754 2000 1892 2040 vero
1920 1982 2000 2040 illi
2035 2002 2108 2040 an
2138 2003 2209 2041 ex
2241 1993 2498 2043 veterum

296 2068 771 2144 librorumtide,
828 2093 902 2132 an
950 2094 1020 2133 ex
1068 2075 1414 2150 conjectura
1469 2076 1666 2153 potius
1712 2075 1949 2146 faciant,
1999 2096 2117 2135 non
2166 2078 2308 2136 satis
2354 2080 2500 2138 scio.

298 2167 451 2226 nmd
503 2167 844 2227 dissimilare
891 2187 1007 2229 non
1058 2189 1321 2247 possum,
1374 2169 1536 2247 quod
1583 2169 1903 2248 Berytium
1950 2165 2224 2231 nonnulii
2260 2184 2496 2245 vocant,

294 2261 508 2324 frustra
536 2285 661 2336 eos,
689 2277 750 2325 et
777 2286 982 2345 parum
1014 2267 1217 2326 critice
1247 2267 1458 2337 facere,
1491 2267 1541 2325 si
1569 2266 1644 2326 ad
1682 2267 1967 2326 Valerium
1998 2269 2262 2327 Probum
2290 2269 2498 2331 referre

298 2359 502 2431 velint,
546 2363 719 2440 cujus
748 2364 876 2423 baec
906 2374 1141 2423 aetatem
1180 2363 1327 2423 ferre
1355 2364 1526 2423 nuiio‘
1554 2363 1855 2443 privilegio
1894 2374 2158 2442 possunt.
2244 2366 2357 2424 Sed
2390 2386 2498 2426 nec

300 2456 510 2517 Probo
538 2458 774 2536 quidem
796 2449 886 2517 ‘ini
915 2461 1189 2526 tribuam,
1233 2479 1400 2536 quem
1435 2460 1640 2537 Lupus
1686 2470 1880 2519 noster
1910 2460 2021 2520 sub
2064 2461 2282 2520 Karolo
2312 2462 2499 2521 Calvo

297 2553 448 2632 lmp.
491 2555 551 2611 in
595 2555 927 2616 Germaniae
975 2555 1125 2614 saltu
1175 2556 1440 2616 liberales
1488 2556 1828 2634 disciplinas
1875 2568 2176 2627 tractasse,
2223 2557 2499 2636 Satyrum

295 2649 474 2708 etiam
505 2657 756 2712 tentasse
780 2653 882 2711 ait.
962 2654 1115 2712 Nam
1145 2662 1205 2711 et
1232 2654 1336 2713 ista
1365 2649 1697 2712 literatioris
1727 2664 1860 2712 sunt
1890 2655 2109 2723 saecuii,
2140 2663 2200 2713 et
2230 2654 2391 2733 quod
2423 2675 2496 2713 ex

297 2747 493 2806 Taciti
525 2747 766 2807 historia
795 2748 1050 2827 Moysen
1081 2760 1366 2826 repetunt,
1411 2770 1631 2820 vereor,
1677 2770 1750 2809 ne
1780 2750 1857 2808 sit
1887 2750 2130 2809 bominis
2168 2751 2499 2812 Christiana

300 2842 573 2921 religione
599 2845 864 2903 nondum
895 2845 1126 2904 imbuti.
1211 2850 1293 2904 At
1320 2845 1416 2903 iila
1443 2864 1583 2904 sane
1609 2844 1685 2904 de
1712 2846 1898 2903 meis
1926 2845 2238 2923 supplicio,
2269 2856 2328 2904 et
2359 2845 2503 2904 Ala·

298 2943 556 3000 mnia
582 2961 816 3010 nomen,
858 2943 1085 3019 aliaque
1112 2942 1239 3020 ejus
1280 2942 1503 3020 generis
1542 2941 1840 3013 nonnulla,
1886 2950 2022 3020 post
2052 2941 2500 3001 Constantinum

304 3036 586 3112 Magnum
617 3038 831 3115 scripta
860 3057 1052 3108 nemo,
1085 3039 1190 3096 nisi
1222 3038 1474 3098 historiae
1501 3037 1752 3116 ignarus,
1781 3038 2097 3117 negaverit.
2183 3040 2308 3115 Ego
2338 3058 2497 3111 vero,

301 3133 457 3210 qnod
484 3135 696 3193 ceteris
721 3135 839 3193 fere
860 3137 1134 3195 Veterum
1155 3136 1684 3195 Grammaticorum
1708 3135 1936 3195 Glossis
1957 3146 2015 3194 et
2037 3135 2501 3206 Commentariis,

300 3228 453 3287 idem
498 3240 561 3289 et
603 3232 737 3289 huic
767 3242 968 3291 nostro
1015 3231 1304 3290 accidisse
1346 3233 1536 3301 vide0,
1583 3243 1647 3290 ut
1675 3250 1746 3289 ex
1789 3232 2095 3290 Variorum
2126 3231 2386 3302 diversae,
2437 3243 2503 3293 ut

301 3326 505 3397 atatis,
544 3329 631 3387 sic
660 3328 1000 3386 eruditionis
1029 3329 1417 3407 Interpretum
1448 3328 1599 3387 notis
1627 3326 1966 3399 conflatum,
2011 3328 2191 3387 instar
2215 3338 2271 3387 et
2303 3330 2500 3406 ipsum

298 3424 517 3502 Satyrae
544 3435 721 3484 esset.
808 3424 966 3493 Quin
1001 3433 1061 3484 et
1089 3427 1146 3483 in
1187 3425 1427 3503 antiquo
1455 3425 1771 3502 exemplari
1815 3444 1969 3501 saepe
2000 3445 2091 3483 me
2130 3426 2207 3482 ab
2238 3425 2401 3483 initio
2429 3447 2502 3485 ex

300 3520 623 3597 marginum
654 3520 1005 3588 diversitate,
1050 3521 1592 3596 interpretationum
1632 3521 1805 3579 etiam
1838 3518 2225 3579 diversitatem
2271 3530 2504 3581 notasse

303 3617 569 3680 memini:
616 3637 792 3693 quam
839 3627 1029 3677 tamen
1069 3618 1126 3675 in
1172 3619 1280 3676 hac
1319 3617 1575 3676 editione
1617 3625 2033 3694 repraesentare
2071 3635 2265 3694 neque
2311 3618 2502 3694 potui,

304 3732 508 3788 neque,
552 3714 776 3792 opinor,
821 3714 1025 3773 debui.
1115 3713 1282 3773 Valla
1309 3724 1369 3772 et
1414 3714 1540 3792 ipse
1572 3712 1653 3771 vir
1695 3710 2163 3789 diligentissimus
2204 3712 2291 3769 sui
2332 3712 2501 3774 nobis

303 3805 487 3884 Probi
514 3808 840 3887 fragmenta
866 3810 940 3868 ad
989 3811 1224 3888 Satyras
1272 3819 1492 3868 tantum
1533 3808 1756 3886 aliquot
1785 3828 1891 3886 pro
1933 3817 2112 3885 captu
2141 3817 2320 3884 atque
2349 3807 2502 3865 arbi·

304 3915 457 3963 tratu
484 3926 595 3965 suo
623 3907 907 3976 exhibuit,
950 3926 1086 3984 quae
1130 3916 1323 3965 tamen
1352 3906 1696 3980 adjumento
1725 3923 1840 3962 non
1884 3904 1998 3963 levi
2027 3903 2319 3979 plerisque
2356 3903 2502 3961 iocis

304 4001 552 4072 suerunt,
598 4021 747 4079 quos
786 4002 995 4060 exiliis
1042 4002 1134 4060 vel
1161 3999 1614 4070 emendavimus,
1657 4000 1755 4058 vel
1795 3999 2215 4079 supplevimuS‚
2264 3997 2504 4073 adjecta

304 4097 477 4158 etiam
506 4118 613 4156 sua
641 4098 851 4175 cuique
889 4106 1048 4168 nota,
1095 4097 1257 4175 quod
1305 4097 1434 4157 heic
1462 4098 1540 4156 ab
1584 4096 1778 4175 operis
1806 4094 2259 4174 praetermissum
2308 4093 2503 4154 video.

309 4194 513 4256 Cetera
564 4194 760 4254 omnia
805 4215 877 4255 ex
924 4207 1127 4255 nostro
1174 4195 1275 4255 illo
1333 4194 1505 4255 unico
1558 4191 1899 4271 exemplari,
1949 4210 2067 4250 non
2113 4189 2234 4251 sine
2294 4208 2504 4270 magno
