2992 4859
478 321 654 396 1216
1152 336 1294 385 ano
1308 335 1550 406 susus,
1585 336 2008 388 emmonim

560 476 592 507 ⁴⁸
620 477 832 536 Lubini
861 493 940 536 11.
981 497 1029 537 s.
1059 475 1433 536 wecheliana
1473 480 1560 551 (n.
1589 479 1712 550 77.)
1762 477 1848 536 D.
1874 476 2052 537 Juniz·
2076 475 2382 538 Juvenal&
2421 477 2675 556 Satyra·

480 592 615 633 rum
655 573 833 632 mm·
873 589 936 631 v.
983 592 1053 632 es·
1097 571 1321 632 duobus
1364 574 1787 649 manuscriptis
1825 574 2249 652 exemplaribus
2288 583 2347 634 et
2385 577 2678 635 vetustiss.

481 673 882 748 manuscripto
907 669 1326 728 Commentario
1344 668 1488 747 plus
1508 688 1679 747 quam
1700 668 1972 729 ducentis
1992 670 2135 729 locis
2156 673 2422 730 correcti.
2495 671 2678 730 Prae-

483 773 642 825 terea
686 766 766 827 A.
810 765 1010 825 Flacci
1055 765 1259 824 Persii
1307 764 1660 844 Satyrorum
1706 766 1857 826 liber
1899 787 2070 826 unus.
2158 767 2300 827 Cum
2343 767 2578 845 analysi
2622 774 2679 825 et

484 861 834 922 doctissimis
860 855 1305 932 commentariis,
1337 864 1567 938 partim
1594 877 1752 921 nunc
1771 865 2050 942 primum,
2085 865 2314 940 partim
2339 864 2412 922 de
2439 866 2679 944 integro

483 958 682 1028 editis,
716 958 1004 1017 Eithardi
1035 956 1278 1017 Lubini.
1360 955 1583 1037 Infine
1609 961 1849 1018 accessit
1876 978 2071 1018 reram
2096 966 2154 1019 et
2180 961 2476 1019 verborum
2503 959 2683 1020 indes:

485 1039 853 1115 utilissimus.
941 1054 1246 1134 fianoviae,
1291 1057 1454 1134 typis
1504 1055 1902 1126 Wecltelianis,
1946 1056 2108 1136 apud
2149 1056 2458 1116 Claudium
2503 1057 2683 1116 Mar-

486 1152 650 1210 nium
675 1158 729 1210 et
760 1150 1016 1210 laaeredes
1042 1149 1299 1210 Joannis
1329 1152 1685 1212 Aubrii—s.
1722 1151 1897 1214 1603.

570 1247 830 1307 Lubinus
855 1247 1197 1306 Juvenalem
1226 1256 1288 1307 et
1325 1247 1401 1307 ad
1431 1247 1613 1308 fidem
1650 1248 1924 1310 codicum
1957 1231 2101 1309 Mas.
2131 1268 2450 1320 recensere,
2495 1259 2555 1309 et
2599 1250 2685 1309 in-

488 1343 791 1421 terpretari
831 1353 1076 1404 conatus
1104 1354 1214 1413 est,
1259 1344 1360 1403 sed
1393 1344 1585 1423 impar
1609 1344 1721 1406 fuit
1763 1345 1979 1404 talibus
2003 1344 2174 1405 ausis.
2259 1347 2414 1405 Raro
2453 1347 2689 1409 notavit

489 1439 821 1499 varietatem
850 1439 1130 1511 lectionis,
1174 1448 1235 1499 et
1263 1439 1443 1500 modo
1473 1440 1649 1510 hanc,
1694 1439 1871 1499 modo
1901 1440 2054 1499 illam
2089 1441 2488 1502 ‘recensionem
2517 1462 2688 1521 supe-

486 1536 718 1606 riorem,
750 1537 1095 1613 plerumque
1117 1536 1425 1613 Stephani,
1457 1534 1714 1614 Gryphii
1742 1546 1804 1596 et
1823 1536 2148 1607 Pulmauni‚
2178 1546 2410 1596 secutus
2434 1538 2687 1602 videtur.

493 1633 963 1692 Commentarius
1003 1643 1199 1691 autem
1242 1631 1541 1710 speciosus
1571 1631 1782 1701 verbis,
1825 1651 1887 1690 re
1916 1632 2099 1691 inanis
2127 1641 2237 1702 est,
2281 1642 2341 1691 et
2369 1633 2686 1696 verbosum

489 1727 688 1806 prodit
729 1737 1090 1805 nugatorem,
1141 1729 1240 1808 qui
1268 1731 1546 1808 pleraque
1586 1747 1702 1787 non
1727 1729 1926 1798 semel,
1968 1727 2069 1787 sed
2111 1729 2198 1787 bis
2226 1737 2406 1800 terve,
2447 1731 2686 1794 mutatis

492 1825 682 1886 verbis
711 1827 1090 1906 παραφράὲει,
1133 1834 1196 1885 et
1223 1845 1424 1884 vanam
1466 1843 1625 1903 saepe
1653 1825 2015 1903 alienamque
2055 1834 2312 1902 ostentat
2337 1825 2687 1900 doctrinam,

492 1941 627 2001 quae
654 1922 836 1981 multa
875 1931 1001 1981 tum
1030 1922 1287 1981 obscura
1327 1941 1439 1981 non
1471 1922 1737 1991 illustrat,
1782 1932 1903 1981 tum
1931 1918 2068 1979 satis
2109 1921 2266 1980 clara
2290 1931 2351 1982 et
2380 1923 2692 2000 perspicua

490 2018 695 2079 alienis
740 2017 1056 2078 luminibus
1098 2019 1297 2078 affusis
1324 2017 1636 2077 obfuscat:
1681 2037 1862 2095 quare
1891 2017 1985 2076 vix
2023 2017 2159 2077 satis
2200 2017 2392 2076 mirari
2425 2038 2688 2096 possum,

491 2114 631 2193 quid
677 2136 871 2175 causae
917 2113 1108 2186 fuerit,
1158 2111 1319 2193 quod
1366 2112 1715 2172 recentiores
1764 2112 2123 2189 interpretes,
2171 2112 2430 2184 Prateus‚
2486 2114 2695 2176 Schre-

492 2211 694 2281 velius,
738 2210 1039 2279 Mai-shall,
1082 2210 1311 2287 aliique,
1356 2209 1513 2267 hunc
1542 2208 2023 2268 commentarium
2050 2208 2254 2267 ceteris
2282 2209 2453 2285 longe
2481 2211 2696 2288 praefe·

492 2306 760 2377 rendum,
802 2315 864 2365 et
889 2305 961 2365 ad
993 2305 1233 2365 verbum
1265 2304 1382 2364 fere
1409 2304 1791 2384 repetendum
1819 2313 1923 2363 aut
1962 2305 2132 2363 unice
2161 2305 2521 2382 sequendum
2551 2325 2693 2378 ceu-

495 2402 737 2462 suerint.
819 2402 1028 2479 Neque
1059 2420 1248 2460 meum
1289 2400 1462 2458 modo
1490 2400 1603 2459 hoc
1637 2399 1932 2477 judicium
1962 2407 2071 2470 est,
2111 2399 2212 2459 sed
2247 2400 2517 2460 Henninii
2546 2422 2694 2480 quo·

496 2517 632 2577 que,
675 2498 774 2576 qui
818 2497 959 2556 illud
1008 2498 1093 2556 his
1135 2496 1321 2557 verbis
1361 2498 1529 2556 tulit:
1590 2485 1893 2556 ‘'Lubinus
1936 2496 2086 2557 inter
2124 2497 2466 2574 interpretes
2507 2499 2694 2558 nostri

494 2601 689 2671 poetae
726 2594 903 2672 vulgo
945 2593 1350 2653 celeberrimus
1394 2603 1517 2652 est:
1563 2593 1665 2653 sed
1705 2592 1857 2654 enim
1897 2579 2325 2670 loquacissimae
2368 2592 2482 2652 iuae
2520 2613 2695 2672 para·

492 2690 734 2767 phrases
777 2691 874 2750 cui
915 2691 1088 2760 bono,
1131 2690 1240 2748 nisi
1279 2689 1520 2748 terendo
1562 2690 1721 2768 apud
1764 2690 2006 2749 citratos
2046 2689 2214 2749 otio‘l
2259 2689 2694 2765 Indulgendum

495 2797 688 2845 tamen
718 2786 827 2846 suit
856 2786 1211 2864 bibliopolas,
1242 2784 1551 2845 affirmanti
1579 2785 1905 2846 avidissime
1933 2784 2133 2862 expeti
2160 2784 2376 2843 Lubini
2403 2804 2698 2845 commen·

494 2882 656 2953 taria,
701 2901 877 2960 quare
907 2881 1065 2941 vides
1094 2901 1184 2941 me
1227 2880 1542 2958 saepissime
1572 2879 1862 2939 Lubinum
1885 2867 2221 2954 adduxisse.
2306 2867 2554 2938 Videtur
2580 2881 2696 2940 Lu-

496 2978 667 3037 binus
708 2998 838 3037 suas
869 2977 1194 3055 Ecphrases
1235 2977 1291 3035 in
1325 2976 1735 3037 Rostochiensi
1765 2975 2104 3044 Academia,
2152 2974 2252 3033 ubi
2280 2974 2580 3053 professus
2606 2987 2696 3038 est

496 3074 863 3132 humaniores
892 3073 1105 3142 literas,
1135 3072 1420 3132 Studiosis
1440 3072 1498 3130 in
1530 3072 1759 3131 Scholis
1789 3071 2027 3150 privatis
2051 3071 2298 3148 primum
2327 3072 2693 3161 praelegisse,
2676 3096 2692 3113 ·

498 3169 654 3228 unde
690 3167 835 3227 adeo
880 3179 1207 3246 turgescere
1247 3171 1335 3227 ml
1373 3172 1745 3242 ταυτολογεῖν
1792 3166 2083 3226 didicere.
2127 3167 2205 3227 ibi
2236 3187 2489 3245 namque
2531 3169 2692 3230 istud

496 3265 619 3325 fieri
647 3274 826 3323 amat.
911 3263 1219 3342 Inscripsit
1253 3265 1289 3325 J
1296 3274 1428 3324 usto
1454 3276 1515 3323 et
1551 3264 1763 3323 Joanni
1796 3263 2149 3333 Bredovicis,
2195 3264 2507 3343 Equitibus
2537 3267 2702 3326 Mar·

497 3359 704 3432 chicis,
748 3380 915 3420 suum
963 3360 1241 3432 laborem,
1290 3379 1471 3437 seque
1519 3359 1737 3420 fatetur
1778 3379 1945 3417 usum
1990 3359 2213 3419 duobus
2259 3359 2494 3436 optimae
2537 3371 2695 3422 notae

500 3457 654 3517 Mss.
684 3456 1133 3535 exemplaribus,
1174 3457 1231 3514 in
1278 3476 1524 3534 quorum
1569 3456 1753 3517 altero
1794 3455 1851 3513 in
1880 3455 2216 3514 membrana
2256 3456 2543 3533 ascriptus
2570 3467 2698 3519 erat

502 3552 957 3613 Commentarius
991 3553 1447 3623 Vetustissimus,
1479 3573 1654 3632 quem
1686 3553 1742 3611 iu
1771 3550 1944 3611 Notis
1972 3553 2093 3611 suis
2122 3552 2370 3612 subinde
2399 3553 2487 3612 his
2516 3553 2697 3638 siglis,

501 3648 569 3707 V.
602 3647 692 3718 C„
722 3649 975 3711 indicat.
1022 3669 1094 3708 ex
1124 3650 1210 3707 his
1239 3648 1434 3708 Codd.
1472 3649 1553 3709 ait
1579 3651 1823 3735 Satyras
1866 3648 1978 3707 sibi
2004 3648 2150 3707 locis
2193 3649 2324 3726 plus
2352 3648 2539 3708 miuus
2568 3670 2699 3711 cen·

499 3751 623 3803 tum
650 3752 733 3819 (at
762 3746 817 3803 iu
848 3744 1038 3804 fronte
1059 3744 1190 3804 libri
1217 3745 1305 3802 sui
1333 3744 1612 3805 ducentos
1628 3744 1845 3821 jactat)
1872 3755 2200 3813 correctas:
2246 3764 2425 3824 seque
2453 3766 2695 3836 operam

497 3840 745 3911 dedisse,
776 3861 846 3900 ne
872 3838 1175 3900 Jumaliae
1199 3839 1468 3918 amplius,
1518 3848 1790 3921 tanquam
1821 3842 2125 3922 Sphingos
2151 3840 2392 3924 aliquod
2413 3845 2695 3932 oenigma,

498 3937 832 4017 legeretur!
906 3937 1171 3996 Titulum
1219 3947 1280 3995 et
1326 3937 1639 4014 Epistolas,
1694 3957 1729 3995 a
1778 3937 2008 3997 Lubino
2052 3936 2343 4017 praefixas,
2398 3939 2698 4020 excipiunt

497 4034 626 4111 ejus
654 4034 839 4094 oratio
867 4036 938 4092 de
968 4054 1027 4092 re
1055 4033 1321 4122 poetica,
1340 4043 1398 4091 et
1428 4032 1821 4109 apologeticus
1847 4053 1956 4110 pro
1982 4036 2016 4094 J
2026 4033 2286 4093 uvenale

578 4129 898 4202 Juvenum,
940 4131 999 4190 in
1045 4113 1176 4190 Vol.
1223 4147 1301 4190 11.
1347 4130 1526 4208 Corp.
1566 4135 1728 4207 po'et.
1771 4131 1900 4190 Lat.
1941 4111 2087 4189 editi
2128 4150 2165 4190 a
2204 4130 2364 4190 Sam.
2412 4129 2698 4214 Crispino,
